%% This BibTeX bibliography file was created using BibDesk.
%% http://bibdesk.sourceforge.net/


%% Created for Kennedy Espina at 2016-06-08 14:18:23 +0800 

%djwnjnwejndjwe

%% Saved with string encoding Unicode (UTF-8) 


@article{zeng2010social,
	Author = {Zeng, Daniel and Chen, Hsinchun and Lusch, Robert and Li, Shu-Hsing},
	Date-Added = {2015-06-30 04:37:14 +0000},
	Date-Modified = {2015-06-30 04:37:14 +0000},
	Journal = {Intelligent Systems, IEEE},
	Number = {6},
	Pages = {13--16},
	Publisher = {IEEE},
	Title = {Social media analytics and intelligence},
	Volume = {25},
	Year = {2010}
}
	

% MY PAPER CITATIONS
@article{altay2014information,
  title={Information diffusion among agents: implications for humanitarian operations},
  author={Altay, Nezih and Pal, Raktim},
  journal={Production and Operations Management},
  volume={23},
  number={6},
  pages={1015--1027},
  year={2014},
  publisher={Wiley Online Library}
}

@techreport{carley2013ora,
  title={ORA user's guide 2013},
  author={Carley, Kathleen M and Pfeffer, J{\"u}rgen and Reminga, Jeff and Storrick, Jon and Columbus, Dave},
  year={2013},
  institution={Carnegie-Mellon Univ. Pittsburgh PA Inst of Software Research International}
}

@techreport{altman2017ora,
  title={ORA user's guide 2017},
  author={Altman, Neal and  Carley, Kathleen and Reminga, Jeffrey},
  year={2017},
  institution={Carnegie-Mellon Univ. Pittsburgh PA Inst of Software Research International}
}

@techreport{carley2011basic,
  title={Basic lessons in ORA and AutoMap 2011},
  author={Carley, Kathleen M and Columbus, Dave},
  year={2011},
  institution={Carnegie-Mellon Univ. Pittsburgh PA School of Computer Science}
}



@article{chan2008mobile,
  title={Mobile e-Health monitoring: an agent-based approach},
  author={Chan, Victor and Ray, Pradeep and Parameswaran, Nandan},
  journal={IET communications},
  volume={2},
  number={2},
  pages={223--230},
  year={2008},
  publisher={IET}
}

@article{chen2014modeling,
  title={A modeling and experiment framework for the emergency management in AHC transmission},
  author={Chen, Bin and Ge, Yuanzheng and Zhang, Laobing and Zhang, Yongzheng and Zhong, Ziming and Liu, Xiaocheng},
  journal={Computational and mathematical methods in medicine},
  volume={2014},
  year={2014},
  publisher={Hindawi Publishing Corporation}
}

@article{dawson2011agent,
  title={An agent-based model for risk-based flood incident management},
  author={Dawson, Richard J and Peppe, Roger and Wang, Miao},
  journal={Natural hazards},
  volume={59},
  number={1},
  pages={167--189},
  year={2011},
  publisher={Springer}
}

@inproceedings{de2014rapid,
  title={Rapid Application Development of Ebayanihan Patroller: A Crowdsourcing SMS Service and Web Visualization Disaster Reporting System},
  author={De Leon, Marlene M and Estuar, Ma Regina E},
  booktitle={2014 International Conference on IT Convergence and Security (ICITCS)},
  pages={1--4},
  year={2014},
  organization={IEEE}
}

@article{d2014agent,
  title={Agent-based model for earthquake pedestrians’ evacuation in urban outdoor scenarios: Behavioural patterns definition and evacuation paths choice},
  author={D’Orazio, Marco and Spalazzi, Luca and Quagliarini, Enrico and Bernardini, Gabriele},
  journal={Safety science},
  volume={62},
  pages={450--465},
  year={2014},
  publisher={Elsevier}
}


@Misc{eBayanihan,
author = {AJWCC},
title = {eBayanihan},
howpublished = {Online Available: http://ebayanihan.ateneo.edu},
year = {2017},
annote = {Available: http://ebayanihan.ateneo.edu}
}


@inproceedings{fiedrich2006hla,
  title={An HLA-based multiagent system for optimized resource allocation after strong earthquakes},
  author={Fiedrich, Frank},
  booktitle={Proceedings of the 38th conference on Winter simulation},
  pages={486--492},
  year={2006},
  organization={Winter Simulation Conference}
}


@article{fritz1954norc,
  title={The NORC studies of human behavior in disaster},
  author={Fritz, Charles E and Marks, Eli S},
  journal={Journal of Social Issues},
  volume={10},
  number={3},
  pages={26--41},
  year={1954},
  publisher={Wiley Online Library}
}


@Book{gilbert2008agent,
author = {Gilbert, Nigel},
title = {Agent-based models},
publisher = {Sage},
year = {2008},
number = {153},
series = {07}
}


@inproceedings{isla2014real,
  title={Real-Time Visualization of Disaster Behavior},
  author={Isla, Jhoanna T and Estuar, Maria Regina E},
  booktitle={2014 International Conference on IT Convergence and Security (ICITCS)},
  pages={1--4},
  year={2014},
  organization={IEEE}
}


@article{mas2012agent,
  title={Agent-based simulation of the 2011 great east japan earthquake/tsunami evacuation: An integrated model of tsunami inundation and evacuation},
  author={Mas, Erick and Suppasri, Anawat and Imamura, Fumihiko and Koshimura, Shunichi},
  journal={Journal of Natural Disaster Science},
  volume={34},
  number={1},
  pages={41--57},
  year={2012},
  publisher={日本自然災害学会}
}

@article{pfeffer2012rapid,
  title={Rapid modeling and analyzing networks extracted from pre-structured news articles},
  author={Pfeffer, J{\"u}rgen and Carley, Kathleen M},
  journal={Computational and Mathematical Organization Theory},
  volume={18},
  number={3},
  pages={280--299},
  year={2012},
  publisher={Springer}
}



@article{saoud2006assessing,
  title={Assessing large scale emergency rescue plans: an agent based approach},
  author={Saoud, Narj{\`e}s Bellamine-Ben and Mena, Tarek Ben and Dugdale, Julie and Pavard, Bernard and Ahmed, Mohamed Ben},
  journal={The International Journal of Intelligent Control and Systems},
  volume={11},
  number={4},
  pages={260--271},
  year={2006}
}


@Misc{humanCost,
author = {Center for Research on the Epidemiology of Disasters (CRED)},
title = {The Human Cost of Weather Related Disasters (1995-2015)},
howpublished = {Online},
year = {2015},
annote = {Available: http://www.unisdr.org/2015/docs/climatechange/COP21_WeatherDisastersReport_2015_FINAL.pdf}
}

@article{wu2012personalized,
  title={A personalized spatial cognitive road network for agent-based modeling of pedestrian evacuation simulation: A case study in Hong Kong},
  author={Wu, Lei and Lin, Hui},
  journal={Annals of GIS},
  volume={18},
  number={2},
  pages={109--119},
  year={2012},
  publisher={Taylor \& Francis}
}






% NEW CITATIONS ##################################################


% FOR CITING AGENT-BASED DESCRIPTION
@inproceedings{wagner2003agent,
  title={Agent-oriented modeling and agent-based simulation},
  author={Wagner, Gerd and Tulba, Florin},
  booktitle={International Conference on Conceptual Modeling},
  pages={205--216},
  year={2003},
  organization={Springer}
}


% FOR CITING AGENT-BASED DESCRIPTION
@article{lin2003agent,
  title={An agent-based active portal framework},
  author={Lin, Aizhong and Hawryszkiewycz, Igor and Henderson-Sellers, Brian},
  journal={Conceptual Modeling for Novel Application Domains},
  pages={195--204},
  year={2003},
  publisher={Springer}
}


% MAIN RESOURCE


% MAIN RESOURCE

%%%%%%%%%%%%%%%%%%%%%%%%%%%%%%%%%%%%%%%%%%%%%%%%
%%%%%%%%%%%%%%%%%%%%%%%%%%%%%%%%%%%%%%%%%%%%%%%%
%%%%%%%%%%%%%%%%%%%%%%%%%%%%%%%%%%%%%%%%%%%%%%%%



%AGENT-BASED-MODELS --------- TO BE USED
@article{carley1999computational,
  title={Computational organization theory},
  author={Carley, Kathleen M and Gasser, Les},
  journal={Multiagent systems: A modern approach to distributed artificial intelligence},
  pages={299--330},
  year={1999},
  publisher={Cambridge, MA: MIT Press}
}
%Cited by 389


@article{carley2006biowar,
  title={BioWar: scalable agent-based model of bioattacks},
  author={Carley, Kathleen M and Fridsma, Douglas B and Casman, Elizabeth and Yahja, Alex and Altman, Neal and Chen, Li-Chiou and Kaminsky, Boris and Nave, D{\'e}mian},
  journal={IEEE Transactions on Systems, Man, and Cybernetics-Part A: Systems and Humans},
  volume={36},
  number={2},
  pages={252--265},
  year={2006},
  publisher={IEEE}
}
%Cited by 198

@article{louie2008balancing,
  title={Balancing the criticisms: Validating multi-agent models of social systems},
  author={Louie, Marcus A and Carley, Kathleen M},
  journal={Simulation Modelling Practice and Theory},
  volume={16},
  number={2},
  pages={242--256},
  year={2008},
  publisher={Elsevier}
}
%Cited by 84

@article{zeng2007guest,
  title={Guest editors' introduction: Social computing},
  author={Zeng, Daniel and Wang, Fei-Yue and Carley, Kathleen M},
  journal={IEEE Intelligent Systems},
  volume={22},
  number={5},
  pages={20--22},
  year={2007},
  publisher={IEEE}
}
%Cited by 48   ----------->>>SOCIAL COMPUTING

@article{wang2007social,
  title={Social computing: From social informatics to social intelligence},
  author={Wang, Fei-Yue and Carley, Kathleen M and Zeng, Daniel and Mao, Wenji},
  journal={IEEE Intelligent Systems},
  volume={22},
  number={2},
  year={2007},
  publisher={IEEE}
}
%Cited by 525   ----------->>>SOCIAL COMPUTING


@article{carley2002computational,
  title={Computational organization science: A new frontier},
  author={Carley, Kathleen M},
  journal={Proceedings of the National Academy of Sciences},
  volume={99},
  number={suppl 3},
  pages={7257--7262},
  year={2002},
  publisher={National Acad Sciences}
}
%Cited by 155

@article{carley2009computational,
  title={Computational modeling for reasoning about the social behavior of humans},
  author={Carley, Kathleen M},
  journal={Computational \& Mathematical Organization Theory},
  volume={15},
  number={1},
  pages={47--59},
  year={2009},
  publisher={Springer}
}
%Cited by 50

@article{carley2002smart,
  title={Smart agents and organizations of the future},
  author={Carley, Kathleen M},
  journal={The handbook of new media},
  volume={12},
  pages={206--220},
  year={2002}
}
%Cited by 222

@article{carley2002computational,
  title={Computational organizational science and organizational engineering},
  author={Carley, Kathleen M},
  journal={Simulation Modelling Practice and Theory},
  volume={10},
  number={5},
  pages={253--269},
  year={2002},
  publisher={Elsevier}
}
%Cited by 124 --------------------->> COMPUTATIONAL MODELS ----->> ABM

@article{carley1994nature,
  title={The nature of the social agent},
  author={Carley, Kathleen and Newell, Allen},
  journal={Journal of mathematical sociology},
  volume={19},
  number={4},
  pages={221--262},
  year={1994},
  publisher={Taylor \& Francis}
}
%Cited by 248 ------------------->> SOCIAL AGENT

@article{lanham2014social,
  title={Social network modeling and agent-based simulation in support of crisis de-escalation},
  author={Lanham, Michael J and Morgan, Geoffrey P and Carley, Kathleen M},
  journal={IEEE Transactions on Systems, Man, and Cybernetics: Systems},
  volume={44},
  number={1},
  pages={103--110},
  year={2014},
  publisher={IEEE}
}
%Cited by 16

@article{jamshidnezhad2015agent,
  title={Agent-based modelling of quality management effects on organizational productivity},
  author={Jamshidnezhad, Bizhan and Carley, Kathleen M},
  journal={Journal of Simulation},
  volume={9},
  number={1},
  pages={73--82},
  year={2015},
  publisher={Springer}
}

@InProceedings{kalyanasundaram2015agent,
author = {Kalyanasundaram, Arun & Wei, Wei & Carley, Kathleen M & Herbsleb, James D.},
title = {An Agent-Based Model of Edit Wars in Wikipedia: How and When is Consensus Reached.},
booktitle = {Proceedings of the 2015 Winter Simulation Conference},
year = {2015},
editor = {L. Yilmaz, W.K.V. Chan, T.M.K. Roeder, C. Macal and M.D. Rossetti},
address = {Huntington Beach, CA},
}


@inproceedings{xu2008agent,
  title={Agent simulation of collaborative knowledge processing in wikipedia},
  author={Xu, Jinsheng and Yilmaz, Levent and Zhang, Jinghua},
  booktitle={Proceedings of the 2008 Spring simulation multiconference},
  pages={19--25},
  year={2008},
  organization={Society for Computer Simulation International}
}
%Cited by 10


@article{joseph2014coevolution,
  title={On the coevolution of stereotype, culture, and social relationships: an agent-based model},
  author={Joseph, Kenneth and Morgan, Geoffrey P and Martin, Michael K and Carley, Kathleen M},
  journal={Social Science Computer Review},
  volume={32},
  number={3},
  pages={295--311},
  year={2014},
  publisher={Sage Publications Sage CA: Los Angeles, CA}
}
%Cited by 19

@article{lanham2014social,
  title={Social network modeling and agent-based simulation in support of crisis de-escalation},
  author={Lanham, Michael J and Morgan, Geoffrey P and Carley, Kathleen M},
  journal={IEEE Transactions on Systems, Man, and Cybernetics: Systems},
  volume={44},
  number={1},
  pages={103--110},
  year={2014},
  publisher={IEEE}
}
%Cited by 16

@inproceedings{joseph2013agent,
  title={An agent-based model for simultaneous phone and SMS traffic over time},
  author={Joseph, Kenneth and Wei, Wei and Carley, Kathleen M},
  booktitle={International Conference on Social Computing, Behavioral-Cultural Modeling, and Prediction},
  pages={65--74},
  year={2013},
  organization={Springer}
}
%Cited by 5

@article{hamill2009social,
  title={Social circles: A simple structure for agent-based social network models},
  author={Hamill, Lynne and Gilbert, Nigel},
  journal={Journal of Artificial Societies and Social Simulation},
  volume={12},
  number={2},
  pages={3},
  year={2009}
}
%Cited by 131  ------------------>> ABM AND SNA


@InCollection{abmencyclopedia2011,
author = {Carley, Kathleen M & Hirshman, Brian.},
title = {Agent-Based Models},
booktitle = {Encyclopedia of Social Networks},
pages = {12-17},
publisher = {SAGE},
year = {2011},
editor = {George A. Barnett},
address = {Thousand Oaks, CA},
}
%Cited by 53

@article{wu2009agent,
  title={An agent-based simulation study for exploring organizational adaptation},
  author={Wu, Jiang and Hu, Bin and Zhang, Yu and Spence, Catherine and Hall, Steven B and Carley, Kathleen M},
  journal={Simulation},
  volume={85},
  number={6},
  pages={397--413},
  year={2009},
  publisher={Sage Publications Sage UK: London, England}
}
%Cited by 10



%%%%%%%%%%%%%%%%%%%%%%%%%%%%%%%%%%%%%%%%%%%%%%%%
%%%%%%%%%%%%%%%%%%%%%%%%%%%%%%%%%%%%%%%%%%%%%%%%
%%%%%%%%%%%%%%%%%%%%%%%%%%%%%%%%%%%%%%%%%%%%%%%%



% NETWORK ANALYSIS TOOLS
% https://gephi.org
@online{caffe,
  title = {Caffe},
  year = 2017,
  url = {https://gephi.org },
  urldate = {2017-07-16}
}


@article{bastian2009gephi,
  title={Gephi: an open source software for exploring and manipulating networks.},
  author={Bastian, Mathieu and Heymann, Sebastien and Jacomy, Mathieu and others},
  journal={Icwsm},
  volume={8},
  pages={361--362},
  year={2009}
}


@book{hansen2010analyzing,
  title={Analyzing social media networks with NodeXL: Insights from a connected world},
  author={Hansen, Derek and Shneiderman, Ben and Smith, Marc A},
  year={2010},
  publisher={Morgan Kaufmann}
}


@article{borgatti2002ucinet,
  title={Ucinet for Windows: Software for social network analysis},
  author={Borgatti, Stephen P and Everett, Martin G and Freeman, Linton C},
  year={2002},
  publisher={Analytic Technologies}
}
% Cited by 7052


@article{carley2016ora,
  title={ORA-NetScenes (Software; Version 3.0. 9.9. 33), Pittsburgh, PA},
  author={Carley, Kathleen M},
  journal={Center for Computational Analysis of Social and Organizational Systems (CASOS), Carnegie Mellon University},
  year={2016}
}

%%%%%%%%%%%%%%%%%%%%%%%%%%%%%%%%%%%%%%%%%%%%%%%%
%%%%%%%%%%%%%%%%%%%%%%%%%%%%%%%%%%%%%%%%%%%%%%%%
%%%%%%%%%%%%%%%%%%%%%%%%%%%%%%%%%%%%%%%%%%%%%%%%

% SOCIAL NETWORK ANALYSIS

@book{scott2017social,
  title={Social network analysis},
  author={Scott, John},
  year={2017},
  publisher={Sage}
}
%Cited by 11886


@book{mcculloh2013social,
  title={Social network analysis with applications},
  author={McCulloh, Ian and Armstrong, Helen and Johnson, Anthony},
  year={2013},
  publisher={John Wiley \& Sons}
}


@article{borgatti2009network,
  title={Network analysis in the social sciences},
  author={Borgatti, Stephen P and Mehra, Ajay and Brass, Daniel J and Labianca, Giuseppe},
  journal={Science},
  volume={323},
  number={5916},
  pages={892--895},
  year={2009},
  publisher={American Association for the Advancement of Science}
}
%Cited by 2121


@article{borgatti1992notions,
  title={Notions of position in social network analysis},
  author={Borgatti, Stephen P and Everett, Martin G},
  journal={Sociological methodology},
  pages={1--35},
  year={1992},
  publisher={JSTOR}
}
%Cited by 385


@article{borgatti2009social,
  title={On social network analysis in a supply chain context},
  author={Borgatti, Stephen P and Li, Xun},
  journal={Journal of Supply Chain Management},
  volume={45},
  number={2},
  pages={5--22},
  year={2009},
  publisher={Wiley Online Library}
}


@article{borgatti1997network,
  title={Network analysis of 2-mode data},
  author={Borgatti, Stephen P and Everett, Martin G},
  journal={Social networks},
  volume={19},
  number={3},
  pages={243--269},
  year={1997},
  publisher={Elsevier}
}


@article{borgatti2006identifying,
  title={Identifying sets of key players in a social network},
  author={Borgatti, Stephen P},
  journal={Computational \& Mathematical Organization Theory},
  volume={12},
  number={1},
  pages={21--34},
  year={2006},
  publisher={Springer}
}

%%%%%%%%%%%%%%%%%%%%%%%%%%%%%%%%%%%%%%%%%%%%%%%%
%%%%%%%%%%%%%%%%%%%%%%%%%%%%%%%%%%%%%%%%%%%%%%%%
%%%%%%%%%%%%%%%%%%%%%%%%%%%%%%%%%%%%%%%%%%%%%%%%

% SOCIAL COMPUTING NOT YET USED=======================
@book{liu2009social,
  title={Social computing, behavioral modeling, and prediction},
  author={Liu, Huan and Salerno, John and Young, Michael J},
  year={2008},
  publisher={Springer Science \& Business Media}
}

@book{liu2009social,
  title={Social computing and behavioral modeling},
  author={Liu, Huan and Salerno, John and Young, Michael J},
  year={2009},
  publisher={Springer Science \& Business Media}
}

@book{missaoui2015social,
  title={Social Network Analysis-Community Detection and Evolution},
  author={Missaoui, Rokia and Sarr, Idrissa},
  year={2015},
  publisher={Springer}
}

%WOOHH
@article{magsino2009applications,
  title={Applications of social network analysis for building community disaster resilience},
  author={Magsino, Sammantha L},
  journal={Washington, DC: National Academy of Sciences},
  year={2009}
}

@book{de2011exploratory,
  title={Exploratory social network analysis with Pajek},
  author={De Nooy, Wouter and Mrvar, Andrej and Batagelj, Vladimir},
  volume={27},
  year={2011},
  publisher={Cambridge University Press}
}
%Cited by 2935

@incollection{serrat2017social,
  title={Social network analysis},
  author={Serrat, Olivier},
  booktitle={Knowledge solutions},
  pages={39--43},
  year={2017},
  publisher={Springer}
}
%Cited by 123

@article{scott1988social,
  title={Social network analysis},
  author={Scott, John},
  journal={Sociology},
  volume={22},
  number={1},
  pages={109--127},
  year={1988},
  publisher={British Sociological Association Publications Limited}
}
%Cited by 477

@article{streeter1993social,
  title={Social network analysis},
  author={Streeter, Calvin L and Gillespie, David F},
  journal={Journal of Social Service Research},
  volume={16},
  number={1-2},
  pages={201--222},
  year={1993},
  publisher={Taylor \& Francis}
}
%Cited by 115

@article{everett2002social,
  title={Social network analysis},
  author={Everett, Martin},
  journal={Textbook at Essex Summer School in SSDA},
  volume={102},
  year={2002}
}
%Cited by 28

@incollection{mcgloin2010social,
  title={Social network analysis},
  author={McGloin, Jean Marie and Kirk, David S},
  booktitle={Handbook of quantitative criminology},
  pages={209--224},
  year={2010},
  publisher={Springer}
}
%Cited by 30

@article{marcus2007social,
  title={Social network analysis},
  author={Marcus, S and Moy, Melanie and Coffman, Thayne},
  journal={Mining graph data},
  pages={443--467},
  year={2007},
  publisher={John Wiley \&Sons, Inc}
}
%Cited by 31

%SNA-BOOKS
@book{wasserman1994social,
  title={Social network analysis: Methods and applications},
  author={Wasserman, Stanley and Faust, Katherine},
  volume={8},
  year={1994},
  publisher={Cambridge university press}
}
%Cited by 27529

@book{carrington2005models,
  title={Models and methods in social network analysis},
  author={Carrington, Peter J and Scott, John and Wasserman, Stanley},
  volume={28},
  year={2005},
  publisher={Cambridge university press}
}
%Cited by 1641

@article{tichy1979social,
  title={Social network analysis for organizations},
  author={Tichy, Noel M and Tushman, Michael L and Fombrun, Charles},
  journal={Academy of management review},
  volume={4},
  number={4},
  pages={507--519},
  year={1979},
  publisher={Academy of Management}
}
%Cited by 1444

@article{freeman2004development,
  title={The development of social network analysis},
  author={Freeman, Linton},
  journal={A Study in the Sociology of Science},
  volume={1},
  year={2004}
}
%Cited by 2171

@book{wasserman1994advances,
  title={Advances in social network analysis: Research in the social and behavioral sciences},
  author={Wasserman, Stanley},
  year={1994},
  publisher={Sage}
}
%Cited by 869  TO DOWNLOAD

@article{otte2002social,
  title={Social network analysis: a powerful strategy, also for the information sciences},
  author={Otte, Evelien and Rousseau, Ronald},
  journal={Journal of information Science},
  volume={28},
  number={6},
  pages={441--453},
  year={2002},
  publisher={Sage Publications Sage CA: Thousand Oaks, CA}
}
%Cited by 951

@article{cross2002making,
  title={Making invisible work visible: Using social network analysis to support strategic collaboration},
  author={Cross, Rob and Borgatti, Stephen P and Parker, Andrew},
  journal={California management review},
  volume={44},
  number={2},
  pages={25--46},
  year={2002},
  publisher={University of California Press Journals}
}
%Cited by 895


@article{marin2011social,
  title={Social network analysis: An introduction},
  author={Marin, Alexandra and Wellman, Barry},
  journal={The SAGE handbook of social network analysis},
  volume={11},
  year={2011},
  publisher={London, UK: Sage}
}
%Cited by 440

@book{freeman2017research,
  title={Research methods in social network analysis},
  author={Freeman, Linton C},
  year={2017},
  publisher={Routledge}
}
%Cited by 235   TO DOWNLOAD


%SNA PAPERS - APPLICATIONS
@article{borgatti2009social,
  title={On social network analysis in a supply chain context},
  author={Borgatti, Stephen P and Li, Xun},
  journal={Journal of Supply Chain Management},
  volume={45},
  number={2},
  pages={5--22},
  year={2009},
  publisher={Wiley Online Library}
}
%Cited by 381

@article{fowler2008dynamic,
  title={Dynamic spread of happiness in a large social network: longitudinal analysis over 20 years in the Framingham Heart Study},
  author={Fowler, James H and Christakis, Nicholas A},
  journal={Bmj},
  volume={337},
  pages={a2338},
  year={2008},
  publisher={British Medical Journal Publishing Group}
}
%Cited by 1512

@article{latkin1995using,
  title={Using social network analysis to study patterns of drug use among urban drug users at high risk for HIV/AIDS},
  author={Latkin, Carl and Mandell, Wallace and Oziemkowska, Maria and Celentano, David and Vlahov, David and Ensminger, Margaret and Knowlton, Amy},
  journal={Drug and alcohol dependence},
  volume={38},
  number={1},
  pages={1--9},
  year={1995},
  publisher={Elsevier}
}
%Cited by 189

@inproceedings{jamali2006different,
  title={Different aspects of social network analysis},
  author={Jamali, Mohsen and Abolhassani, Hassan},
  booktitle={Web Intelligence, 2006. WI 2006. IEEE/WIC/ACM International Conference on},
  pages={66--72},
  year={2006},
  organization={IEEE}
}
%Cited by 236

@article{cross2002bird,
  title={A bird’s-eye view: Using social network analysis to improve knowledge creation and sharing},
  author={Cross, Rob and Parker, Andrew and Borgatti, Stephen P},
  journal={IBM Institute for Business Value},
  pages={1669--1600},
  year={2002},
  publisher={IBM Corporation Somers, NY}
}
%Cited by 222

@article{ressler2006social,
  title={Social network analysis as an approach to combat terrorism: Past, present, and future research},
  author={Ressler, Steve},
  journal={Homeland Security Affairs},
  volume={2},
  number={2},
  year={2006},
  publisher={Naval Postgraduate School, Center for Homeland Defense and Security}
}
%Cited by 211

@article{ter2009applying,
  title={Applying social network analysis in economic geography: framing some key analytic issues},
  author={Ter Wal, Anne LJ and Boschma, Ron A},
  journal={The Annals of Regional Science},
  volume={43},
  number={3},
  pages={739--756},
  year={2009},
  publisher={Springer}
}
%Cited by 413


@book{knoke2008social,
  title={Social network analysis},
  author={Knoke, David and Yang, Song},
  volume={154},
  year={2008},
  publisher={Sage}
}
%Cited by 1352

@book{cook2006mining,
  title={Mining graph data},
  author={Cook, Diane J and Holder, Lawrence B},
  year={2006},
  publisher={John Wiley \& Sons}
}
%Cited by 464

@book{giles2010advances,
  title={Advances in Social Network Mining and Analysis: Second International Workshop, SNAKDD 2008, Las Vegas, NV, USA, August 24-27, 2008. Revised Selected Papers},
  author={Giles, C Lee and Smith, Marc and Yen, John and Zhang, Haizheng},
  volume={5498},
  year={2010},
  publisher={Springer}
}
%Cited by 4

@article{caimo2014actor,
  title={Actor-Based Models for Longitudinal Networks},
  author={Caimo, Alberto and Friel, Nial},
  journal={Encyclopedia of Social Network Analysis and Mining},
  pages={9--18},
  year={2014},
  publisher={Springer}
}

%Iacobucci, Dawn, Graphs and Matrices (1994). Graphs and Matrices, Book chapter, Social Network Analysis: Methods and Applications, Stanley %Wasserman and Katherine Faust (1994), New York: Cambridge University Press, 92-166. Available at SSRN: https://ssrn.com/abstract=2693800
@InBook{iacobucci1994graphs,
author = {Iacobucci, Dawn},
editor = {Stanley Wasserman and Katherine Faust},
title = {Social Network Analysis: Methods and Applications},
chapter = {Graphs and Matrices},
publisher = {New York: Cambridge University Press},
year = {1994},
pages = {92-166},
}

@incollection{hevenstone2008academic,
  title={Academic employment networks and departmental prestige},
  author={Hevenstone, Debra},
  booktitle={Why Context Matters},
  pages={119--140},
  year={2008},
  publisher={Springer}
}





%%%%%%%%%%%%%%%%%%%%%%%%%%%%%%%%%%%%%%%%%%%%%%%%
%%%%%%%%%%%%%%%%%%%%%%%%%%%%%%%%%%%%%%%%%%%%%%%%
%%%%%%%%%%%%%%%%%%%%%%%%%%%%%%%%%%%%%%%%%%%%%%%%





% VISUALIZATION
@article{yang2016automatic,
  title={Automatic generation of visual-textual presentation layout},
  author={Yang, Xuyong and Mei, Tao and Xu, Ying-Qing and Rui, Yong and Li, Shipeng},
  journal={ACM Transactions on Multimedia Computing, Communications, and Applications (TOMM)},
  volume={12},
  number={2},
  pages={33},
  year={2016},
  publisher={ACM}
}
%citation --> 3

%Practical Text Mining and Statistical Analysis for Non-Structured Text Data Applications

@article{becker1995visualizing,
  title={Visualizing network data},
  author={Becker, Richard A. and Eick, Stephen G. and Wilks, Allan R.},
  journal={IEEE Transactions on visualization and computer graphics},
  volume={1},
  number={1},
  pages={16--28},
  year={1995},
  publisher={IEEE}
}


@article{verbert2013learning,
  title={Learning analytics dashboard applications},
  author={Verbert, Katrien and Duval, Erik and Klerkx, Joris and Govaerts, Sten and Santos, Jos{\'e} Luis},
  journal={American Behavioral Scientist},
  volume={57},
  number={10},
  pages={1500--1509},
  year={2013},
  publisher={Sage Publications Sage CA: Los Angeles, CA}
}


@inproceedings{elias2011exploration,
  title={Exploration views: understanding dashboard creation and customization for visualization novices},
  author={Elias, Micheline and Bezerianos, Anastasia},
  booktitle={IFIP Conference on Human-Computer Interaction},
  pages={274--291},
  year={2011},
  organization={Springer}
}

@article{chae2014public,
  title={Public behavior response analysis in disaster events utilizing visual analytics of microblog data},
  author={Chae, Junghoon and Thom, Dennis and Jang, Yun and Kim, SungYe and Ertl, Thomas and Ebert, David S},
  journal={Computers \& Graphics},
  volume={38},
  pages={51--60},
  year={2014},
  publisher={Elsevier}
}

@inproceedings{kemec2010selecting,
  title={Selecting 3D urban visualisation models for disaster management: Fethiye tsunami inundation case},
  author={Kemec, S and Duzgun, S and Zlatanova, S and Dilmen, DI and Yalciner, AC},
  booktitle={Proceedings of the 3rd International Conference on Cartography and GIS, 15-20 June 2010, Nessebar, Bulgaria},
  year={2010},
  organization={International Cartographic Association/University of Architecture, Civil Engineering and Geodesy}
}

@article{keim2013big,
  title={Big-data visualization},
  author={Keim, Daniel and Qu, Huamin and Ma, Kwan-Liu},
  journal={IEEE Computer Graphics and Applications},
  volume={33},
  number={4},
  pages={20--21},
  year={2013},
  publisher={IEEE}
}

@inproceedings{friendly2000visualizing,
  title={Visualizing categorical data: Data, stories, and pictures},
  author={Friendly, Michael},
  booktitle={Proceedings of the Twenty-Fifth Annual SAS Users Group International Conference},
  year={2000}
}

@incollection{chung2005risk,
  title={Risk assessment using spatial prediction model for natural disaster preparedness},
  author={Chung, Chang-Jo F and Fabbri, Andrea G and Jang, Dong-Ho and Scholten, Henk J},
  booktitle={Geo-information for Disaster Management},
  pages={619--640},
  year={2005},
  publisher={Springer}    
}
%% TO DOWNLOAD!!

@article{uno2008development,
  title={Development of simulation system for the disaster evacuation based on multi-agent model using GIS},
  author={Uno, Keisuke and Kashiyama, Kazuo},
  journal={Tsinghua Science \& Technology},
  volume={13},
  pages={348--353},
  year={2008},
  publisher={Elsevier}
}

@article{khalid2013visualizing,
  title={Visualizing disaster attitudes resulting from terrorist activities},
  author={Khalid, Halimahtun M and Helander, Martin G and Hood, Nilwan A},
  journal={Applied ergonomics},
  volume={44},
  number={5},
  pages={671--679},
  year={2013},
  publisher={Elsevier}
}

%%%%%%%%%%%%%%%%%%%%%%%%%%%%%%%%%%%%%%%%%%%%%%%%
%%%%%%%%%%%%%%%%%%%%%%%%%%%%%%%%%%%%%%%%%%%%%%%%
%%%%%%%%%%%%%%%%%%%%%%%%%%%%%%%%%%%%%%%%%%%%%%%%

% AGENT-BASED NEW SOURCES NOT YET USED
@inproceedings{massaguer2006multi,
  title={Multi-agent simulation of disaster response},
  author={Massaguer, Daniel and Balasubramanian, Vidhya and Mehrotra, Sharad and Venkatasubramanian, Nalini},
  booktitle={First international workshop on agent technology for disaster management},
  pages={124--130},
  year={2006}
}


@inproceedings{jennings2006aladdin,
  title={The ALADDIN project: Agent technology to the rescue},
  author={Jennings, Nick and Ramchurn, Sarvapali D and Allen-Williams, Mair and Dash, Raj and Dutta, Partha and Rogers, Alex and Vetsikas, Ioannis},
  booktitle={Proceedings of the First Intl. Workshop on Agent Technology for Disaster Management},
  year={2006}
}

@inproceedings{ivanyi2006agent,
  title={Agent-based simulation in disaster management},
  author={Iv{\'a}nyi, M{\'a}rton and Guly{\'a}s, L{\'a}szl{\'o} and Szab{\'o}, Rich{\'a}rd},
  booktitle={Proceedings of the First International Workshop on Agent Technology for Disaster Management (ATDM 2006/AAMAS 2006), May 2006, Hakodate, Japan},
  pages={153--154},
  year={2006}
}

@inproceedings{mysore2006agent,
  title={Agent modeling of a sarin attack in manhattan},
  author={Mysore, Venkatesh and Narzisi, Giuseppe and Nelson, Lewis and Rekow, Dianne and Triola, Marc and Shapiro, Alan and Coleman, Clare and Gill, Ofer and Daruwala, Raoul-Sam and Mishra, Bud},
  booktitle={Proceedings of the First International Workshop on Agent Technology for Disaster Management, ATDM},
  pages={108--115},
  year={2006}
}

@inproceedings{takahashi2006requirements,
  title={Requirements to agent based disaster simulations from local government usages},
  author={Takahashi, Tomoichi},
  booktitle={First International Workshop on Agent Technology for Disaster Management at AAMAS06},
  pages={78--84},
  year={2006}
}


%%%%%%%%%%%%%%%%%%%%%%%%%%%%%%%%%%%%%%%%%%%%%%%%
%%%%%%%%%%%%%%%%%%%%%%%%%%%%%%%%%%%%%%%%%%%%%%%%
%%%%%%%%%%%%%%%%%%%%%%%%%%%%%%%%%%%%%%%%%%%%%%%%

% DISASTER BEHAVIOR

@inproceedings{blake2004analysis,
  title={An analysis of human behaviour during the WTC disaster of 11 September 2001 based on published survivor accounts},
  author={Blake, SJ and Galea, ER and Westeng, H and Dixon, AJP},
  booktitle={Proceedings of the 3rd international symposium on human behaviour in fire},
  volume={1},
  pages={3},
  year={2004}
}
%Cited by 40

@article{paton2003disaster,
  title={Disaster preparedness: a social-cognitive perspective},
  author={Paton, Douglas},
  journal={Disaster Prevention and Management: An International Journal},
  volume={12},
  number={3},
  pages={210--216},
  year={2003},
  publisher={MCB UP Ltd}
}
%Cited by 342

@article{fischer1995evacuation,
  title={Evacuation behaviour: why do some evacuate, while others do not? A case study of the Ephrata, Pennsylvania (USA) evacuation},
  author={Fischer, Henry W and Stine, George F and Stoker, Brenda L and Trowbridge, Marna L and Drain, Eric M},
  journal={Disaster prevention and management: an international journal},
  volume={4},
  number={4},
  pages={30--36},
  year={1995},
  publisher={MCB UP Ltd}
}
%Cited by 59   ------------------->> TO DOWNLOAD

@article{aldunce2014framing,
  title={Framing disaster resilience: The implications of the diverse conceptualisations of “bouncing back”},
  author={Aldunce, Paulina and Beilin, Ruth and Handmer, John and Howden, Mark},
  journal={Disaster Prevention and Management},
  volume={23},
  number={3},
  pages={252--270},
  year={2014},
  publisher={Emerald Group Publishing Limited}
}
%Cited by 50

@article{long2011disaster,
  title={Disaster prevention and management: A geographical perspective},
  author={Long, HL and others},
  year={2011}
}
%Cited by 14

@article{paton2001disasters,
  title={Disasters and communities: vulnerability, resilience and preparedness},
  author={Paton, Douglas and Johnston, David},
  journal={Disaster Prevention and Management: An International Journal},
  volume={10},
  number={4},
  pages={270--277},
  year={2001},
  publisher={MCB UP Ltd}
}
%Cited by 542

@article{paton2002developing,
  title={Developing disaster management capability: an assessment centre approach},
  author={Paton, Douglas and Jackson, Duncan},
  journal={Disaster Prevention and Management: An International Journal},
  volume={11},
  number={2},
  pages={115--122},
  year={2002},
  publisher={MCB UP Ltd}
}
%Cited by 93

@article{gunn1992scientific,
  title={The scientific basis of disaster management},
  author={Gunn, SWA},
  journal={Disaster Prevention and Management: An International Journal},
  volume={1},
  number={3},
  year={1992},
  publisher={MCB UP Ltd}
}
%Cited by 23

@article{paton2000disaster,
  title={Disaster response: risk, vulnerability and resilience},
  author={Paton, Douglas and Smith, Leigh and Violanti, John},
  journal={Disaster Prevention and Management: An International Journal},
  volume={9},
  number={3},
  pages={173--180},
  year={2000},
  publisher={MCB UP Ltd}
}
%Cited by 160

@article{cole2010text,
  title={Text messaging as a tool for behavior change in disease prevention and management},
  author={Cole-Lewis, Heather and Kershaw, Trace},
  journal={Epidemiologic reviews},
  volume={32},
  number={1},
  pages={56--69},
  year={2010},
  publisher={Oxford University Press}
}
%Cited by 807

@article{alexander2016game,
  title={The game changes:“Disaster Prevention and Management” after a quarter of a century},
  author={Alexander, David E},
  journal={Disaster Prevention and Management},
  volume={25},
  number={1},
  pages={2--10},
  year={2016},
  publisher={Emerald Group Publishing Limited}
}
%CITED BY 1

@article{lettieri2009disaster,
  title={Disaster management: findings from a systematic review},
  author={Lettieri, Emanuele and Masella, Cristina and Radaelli, Giovanni},
  journal={Disaster Prevention and Management: An International Journal},
  volume={18},
  number={2},
  pages={117--136},
  year={2009},
  publisher={Emerald Group Publishing Limited}
}
%Cited by 112

@article{i2014resilience,
  title={Resilience--an emerging paradigm of danger or of hope?},
  author={I. Sudmeier-Rieux, Karen},
  journal={Disaster Prevention and Management},
  volume={23},
  number={1},
  pages={67--80},
  year={2014},
  publisher={Emerald Group Publishing Limited}
}
%Cited by 34

@article{toft1992failure,
  title={The failure of hindsight},
  author={Toft, Brian},
  journal={Disaster Prevention and Management: An International Journal},
  volume={1},
  number={3},
  year={1992},
  publisher={MCB UP Ltd}
}
%Cited by 42   ----------------------->> TO BE DOWNLOADED

@article{perry2003incident,
  title={Incident management systems in disaster management},
  author={Perry, Ronald W},
  journal={Disaster prevention and management: An international journal},
  volume={12},
  number={5},
  pages={405--412},
  year={2003},
  publisher={MCB UP Ltd}
}
%Cited by 122

@article{world1992psychosocial,
  title={Psychosocial consequences of disasters: prevention and management},
  author={World Health Organization and others},
  year={1992},
  publisher={Geneva: World Health Organization}
}
%Cited by 95

@article{prizzia2006coordinating,
  title={Coordinating disaster prevention and management in Hawaii},
  author={Prizzia, Ross},
  journal={Disaster Prevention and Management: An International Journal},
  volume={15},
  number={2},
  pages={275--285},
  year={2006},
  publisher={Emerald Group Publishing Limited}
}
%Cited by 12

@article{kim2013improving,
  title={Improving simulation exercises in Korea for disaster preparedness},
  author={Kim, Hakkyong},
  journal={Disaster Prevention and Management},
  volume={22},
  number={1},
  pages={38--47},
  year={2013},
  publisher={Emerald Group Publishing Limited}
}
%Cited by 14

@article{allen2006community,
  title={Community-based disaster preparedness and climate adaptation: local capacity-building in the Philippines},
  author={Allen, Katrina M},
  journal={Disasters},
  volume={30},
  number={1},
  pages={81--101},
  year={2006},
  publisher={Wiley Online Library}
}
%Cited by 336

@book{bankoff2003cultures,
  title={Cultures of disaster: society and natural hazards in the Philippines},
  author={Bankoff, Greg},
  year={2003},
  publisher={Psychology Press}
}
%Cited by 338

@article{victoria2003community,
  title={Community-based disaster management in the Philippines: Making a difference in people's lives},
  author={Victoria, Lorna P},
  journal={Philippine Sociological Review},
  volume={51},
  pages={65--80},
  year={2003},
  publisher={JSTOR}
}
%Cited by 35

@article{mitchell12009children,
  title={Children as agents of change for Disaster Risk Reduction: Lessons from El Salvador and the Philippines.},
  author={Mitchell$^1$, Tom and Tanner$^1$, Thomas and Haynes, Katharine},
  year={2009}
}
%Cited by 45

@article{bankoff2009politics,
  title={The politics of risk in the Philippines: Comparing state and NGO perceptions of disaster management},
  author={Bankoff, Greg and Hilhorst, Dorothea},
  journal={Disasters},
  volume={33},
  number={4},
  pages={686--704},
  year={2009},
  publisher={Wiley Online Library}
}
%Cited by 53

@article{tayag1994volcanic,
  title={Volcanic disaster mitigation in the Philippines: experience from Mt. Pinatubo},
  author={Tayag, Jean C and Punongbayan, Raymundo S},
  journal={Disasters},
  volume={18},
  number={1},
  pages={1--15},
  year={1994},
  publisher={Wiley Online Library}
}
%Cited by 39

@article{lum2014typhoon,
  title={Typhoon Haiyan (Yolanda): US and international response to Philippines disaster},
  author={Lum, Thomas and Margesson, Rhoda},
  journal={Current Politics and Economics of South, Southeastern, and Central Asia},
  volume={23},
  number={2},
  pages={209},
  year={2014},
  publisher={Nova Science Publishers, Inc.}
}
%Cited by 37  ----------------->> TO BE DOWNLOADED

@article{victoria2003community,
  title={Community-based disaster management in the Philippines: Making a difference in people's lives},
  author={Victoria, Lorna P},
  journal={Philippine Sociological Review},
  volume={51},
  pages={65--80},
  year={2003},
  publisher={JSTOR}
}
%Cited by 35

@article{takahashi2015communicating,
  title={Communicating on Twitter during a disaster: An analysis of tweets during Typhoon Haiyan in the Philippines},
  author={Takahashi, Bruno and Tandoc, Edson C and Carmichael, Christine},
  journal={Computers in Human Behavior},
  volume={50},
  pages={392--398},
  year={2015},
  publisher={Elsevier}
}
%Cited by 40

@inproceedings{careem2006sahana,
  title={Sahana: Overview of a disaster management system},
  author={Careem, Mifan and De Silva, Chamindra and De Silva, Ravindra and Raschid, Louiqa and Weerawarana, Sanjiva},
  booktitle={Information and Automation, 2006. ICIA 2006. International Conference on},
  pages={361--366},
  year={2006},
  organization={IEEE}
}
%Cited by 96


@article{benson2009mainstreaming,
  title={Mainstreaming disaster risk reduction into development: challenges and experience in the Philippines},
  author={Benson, Charlotte},
  journal={Provention Consortium, Geneva},
  year={2009}
}
%Cited by 24

@article{delica1993citizenry,
  title={Citizenry-based Disaster Preparedness in the Philippines},
  author={Delica, Zenaida G},
  journal={Disasters},
  volume={17},
  number={3},
  pages={239--247},
  year={1993},
  publisher={Wiley Online Library}
}
%Cited by 19

@article{fajardo2010mobile,
  title={A mobile disaster management system using the android technology},
  author={Fajardo, Jovilyn Therese B and Oppus, Carlos M},
  journal={WSEAS Transactions on Communications},
  volume={9},
  number={6},
  pages={343--353},
  year={2010}
}
%Cited by 77

@article{carcellar2011addressing,
  title={Addressing disaster risk reduction through community-rooted interventions in the Philippines: experience of the Homeless People’s Federation of the Philippines},
  author={Carcellar, Norberto and Co, Jason Christopher Rayos and Hipolito, Zarina O},
  journal={Environment and Urbanization},
  volume={23},
  number={2},
  pages={365--381},
  year={2011},
  publisher={Sage Publications Sage UK: London, England}
}
%Cited by 14

@article{usamah2014can,
  title={Can the vulnerable be resilient? Co-existence of vulnerability and disaster resilience: informal settlements in the Philippines},
  author={Usamah, Muhibuddin and Handmer, John and Mitchell, David and Ahmed, Iftekhar},
  journal={International journal of disaster risk reduction},
  volume={10},
  pages={178--189},
  year={2014},
  publisher={Elsevier}
}
%Cited by 14

%MONITORING AND REPORTING PROGRESS ON
%Community–Based Disaster Risk Management in The Philippines
%http://www.adpc.net/v2007/Programs/CBDRM/INFORMATION%20RESOURCE%20CENTER/CBDRM%20Publications/2008/final_crphilippineshires_23nov.pdf


@TechReport{cbdrmreport2008,
title = {Monitoring and Reporting Progress on Community-Based Disaster Risk Reduction Management in the Philippines},
institution = {Asian Disaster Preparedness Center}},
year = {2008}
}


@article{pineda2012exploring,
  title={Exploring the Potentials of a Community-Based DisasterRisk Management System (CBDRMS), the PhilippineExperience},
  author={Pineda, Maria Victoria G},
  journal={International Journal of Innovation, Management and Technology},
  volume={3},
  number={6},
  pages={708},
  year={2012},
  publisher={IACSIT Press}
}
%Cited by 5

@incollection{fernandez2012chapter,
  title={Chapter 11 Community-Based Disaster Risk Management Experience of the Philippines},
  author={Fernandez, Glenn and Uy, Noralene and Shaw, Rajib},
  booktitle={Community-based disaster risk reduction},
  pages={205--231},
  year={2012},
  publisher={Emerald Group Publishing Limited}
}
%Cited by 13  ------------------->> TO BE DOWNLOADED



% ESSENTIAL DOCUMENTS 

@article{assembly2015sendai,
  title={The Sendai Framework for Disaster Risk Reduction 2015--2030},
  author={Assembly, UN General},
  journal={Resolution A/Res/69/283, see http://www. unisdr. org/files/resolutions N},
  volume={1516716},
  year={2015}
}



@book{gilbert2005simulation,
  title={Simulation for the social scientist},
  author={Gilbert, Nigel and Troitzsch, Klaus},
  year={2005},
  publisher={McGraw-Hill Education (UK)}
}


@misc{pathway2015sids,
  title={SIDS accelerated modalities of action outcome statement},
  author={Pathway, Samoa},
  year={2015}
}




%%%%%%%%%%%%%%%%%%%%%%%% ABM

@inproceedings{menges2008modeling,
  title={Modeling and simulation of e-mail social networks: a new stochastic agent-based approach},
  author={Menges, Fabian and Mishra, Bud and Narzisi, Giuseppe},
  booktitle={2008 Simulation Conference,  WSC 2008. Winter},
  pages={2792--2800},
  year={2008},
  organization={IEEE}
}

@article{north2010multiscale,
  title={Multiscale agent-based consumer market modeling},
  author={North, Michael J and Macal, Charles M and Aubin, James St and Thimmapuram, Prakash and Bragen, Mark and Hahn, June and Karr, James and Brigham, Nancy and Lacy, Mark E and Hampton, Delaine},
  journal={Complexity},
  volume={15},
  number={5},
  pages={37--47},
  year={2010},
  publisher={Wiley Online Library}
}

@article{kuhn2010agent,
  title={Agent-based analysis and simulation of the consumer airline market share for Frontier Airlines},
  author={Kuhn, John R and Courtney, James F and Morris, Bonnie and Tatara, Eric R},
  journal={Knowledge-Based Systems},
  volume={23},
  number={8},
  pages={875--882},
  year={2010},
  publisher={Elsevier}
}

@article{charania2006sub,
  title={Sub-Orbital Space Tourism Market: Predictions of the Future Marketplace Using Agent-Based Modeling},
  author={Charania, AC and Olds, JR and DePasquale, D},
  journal={SpaceWorks Engineering, Inc., Atlanta, GA, Available online at http://www. sei. aero/uploads/archive/IAC-06-E3},
  volume={4},
  year={2006}
}

@article{puckett2009multi,
  title={Multi-Agent Crowd Behavior Simulation for Tsunami Evacuation},
  author={Puckett, Robert R},
  journal={Department of Information and Computer Sciences, University of Hawaii},
  year={2009},
  publisher={Citeseer}
}

@article{leyk2009spatial,
  title={Spatial modeling of personalized exposure dynamics: the case of pesticide use in small-scale agricultural production landscapes of the developing world},
  author={Leyk, Stefan and Binder, Claudia R and Nuckols, John R},
  journal={International journal of health geographics},
  volume={8},
  number={1},
  pages={17},
  year={2009},
  publisher={BioMed Central}
}

@article{madella2014introduction,
  title={Introduction to simulating the past},
  author={Madella, Marco and Rondelli, Bernardo and Lancelotti, Carla and Balbo, Andrea and Zurro, Debora and Campillo, Xavi Rubio and Stride, Sebastian},
  journal={Journal of Archaeological Method and Theory},
  volume={21},
  number={2},
  pages={251--257},
  year={2014},
  publisher={Springer}
}

@article{griffin2007agent,
  title={An agent-based model of prehistoric settlement patterns and political consolidation in the Lake Titicaca Basin of Peru and Bolivia},
  author={Griffin, Arthur F and Stanish, Charles},
  journal={Structure and Dynamics},
  volume={2},
  number={2},
  year={2007}
}

@phdthesis{malleson2010agent,
  title={Agent-based modelling of burglary},
  author={Malleson, Nicolas},
  year={2010},
  school={University of Leeds}
}

@misc{conway2006agent,
  title={An agent-based model for analyzing control policies and the dynamic service-time performance of a capacity-constrained air traffic management facility},
  author={Conway, Sheila R},
  year={2006},
  howpublished = {Online: https://ntrs.nasa.gov/archive/nasa/casi.ntrs.nasa.gov/20060048296.pdf}
}



@article{folcik2007basic,
  title={The Basic Immune Simulator: an agent-based model to study the interactions between innate and adaptive immunity},
  author={Folcik, Virginia A and An, Gary C and Orosz, Charles G},
  journal={Theoretical Biology and Medical Modelling},
  volume={4},
  number={1},
  pages={39},
  year={2007},
  publisher={BioMed Central}
}

@article{grosman2011trade,
  title={Trade-off between road avoidance and attraction by roadside salt pools in moose: An agent-based model to assess measures for reducing moose-vehicle collisions},
  author={Grosman, Paul D and Jaeger, Jochen AG and Biron, Pascale M and Dussault, Christian and Ouellet, Jean-Pierre},
  journal={Ecological Modelling},
  volume={222},
  number={8},
  pages={1423--1435},
  year={2011},
  publisher={Elsevier}
}


@article{mock2007agent,
  title={An agent-based model of predator-prey relationships between transient killer whales and other marine mammals},
  author={Mock, KJ and Testa, JW},
  journal={University of Alaska Anchorage, Anchorage, AK, Tech. Rep},
  year={2007}
}

@inproceedings{aleman2009accounting,
  title={Accounting for individual behaviors in a pandemic disease spread model},
  author={Aleman, Dionne M and Wibisono, Theodorus G and Schwartz, Brian},
  booktitle={Proceedings of the 2009 Winter Simulation Conference (WSC)},
  pages={1977--1985},
  year={2009},
  organization={IEEE}
}

@article{parker2011distributed,
  title={A distributed platform for global-scale agent-based models of disease transmission},
  author={Parker, Jon and Epstein, Joshua M},
  journal={ACM Transactions on Modeling and Computer Simulation (TOMACS)},
  volume={22},
  number={1},
  pages={2},
  year={2011},
  publisher={ACM}
}

@article{chen2012modeling,
  title={Modeling building occupant network energy consumption decision-making: The interplay between network structure and conservation},
  author={Chen, Jiayu and Taylor, John E and Wei, Hsi-Hsien},
  journal={Energy and Buildings},
  volume={47},
  pages={515--524},
  year={2012},
  publisher={Elsevier}
}

@article{jackson2010improving,
  title={Improving energy efficiency and smart grid program analysis with agent-based end-use forecasting models},
  author={Jackson, Jerry},
  journal={Energy Policy},
  volume={38},
  number={7},
  pages={3771--3780},
  year={2010},
  publisher={Elsevier}
}

@book{wittmann2008agent,
  title={Agent-based models of energy investment decisions},
  author={Wittmann, Tobias},
  year={2008},
  publisher={Springer Science \& Business Media}
}

@article{van2008benchmarking,
  title={Benchmarking numerical and agent-based models of an oil refinery supply chain},
  author={van Dam, Koen H and Adhitya, Arief and Srinivasan, Rajagopalan and Lukszo, Zofia},
  journal={Computer Aided Chemical Engineering},
  volume={25},
  pages={623--628},
  year={2008},
  publisher={Elsevier}
}


%%%%%%%%%%%%%%%%%% ABM TOOLS
@article{collier2003repast,
  title={Repast: An extensible framework for agent simulation},
  author={Collier, Nick},
  journal={The University of Chicago’s Social Science Research},
  volume={36},
  pages={2003},
  year={2003}
}

@book{borshchev2013big,
  title={The big book of simulation modeling: multimethod modeling with AnyLogic 6},
  author={Borshchev, Andrei},
  year={2013},
  publisher={AnyLogic North America}
}

@book{kelton2011simio,
  title={Simio \& simulation: Modeling, analysis, applications},
  author={Kelton, W David and Smith, Jeffrey S and Sturrock, David T},
  year={2011},
  publisher={Learning Solutions}
}

@article{luke2005mason,
  title={Mason: A multiagent simulation environment},
  author={Luke, Sean and Cioffi-Revilla, Claudio and Panait, Liviu and Sullivan, Keith and Balan, Gabriel},
  journal={Simulation},
  volume={81},
  number={7},
  pages={517--527},
  year={2005},
  publisher={Sage Publications Sage CA: Thousand Oaks, CA}
}

@TechReport{minar1996swarm,
  title={The swarm simulation system: A toolkit for building multi-agent simulations},
  author={Minar, Nelson and Burkhart, Roger and Langton, Chris and Askenazi, Manor and others},
  year={1996},
  institution={Technical report, Swarm Development Group}
}


@misc{sklar2007netlogo,
  title={Netlogo, a multi-agent simulation environment},
  author={Sklar, Elizabeth},
  year={2007},
  publisher={MIT Press}
}

@article{wilensky1999netlogo,
  title={NetLogo: Center for connected learning and computer-based modeling},
  author={Wilensky, Uri and Evanston, I},
  journal={Northwestern University, Evanston, IL},
  volume={4952},
  year={1999}
}

@article{release2013mathworks,
  title={The MathWorks},
  author={Release, MATLAB},
  journal={Inc., Natick, Massachusetts, United States},
  volume={488},
  year={2013}
}


@article{mathematica1991system,
  title={A system for doing Mathematics by Computer},
  author={Mathematica, S Wolfram},
  journal={Wolfram Research, Redwood City, California},
  year={1991}
}

@article{mathematica2009wolfram,
  title={Wolfram Research},
  author={Mathematica, Wolfram},
  journal={Inc., Champaign, Illinois},
  year={2009}
}

@inproceedings{north2005repast,
  title={The repast simphony runtime system},
  author={North, Michael J and Howe, Thomas R and Collier, Nick T and Vos, Jerry R},
  booktitle={Proceedings of the agent 2005 conference on generative social processes, models, and mechanisms},
  volume={10},
  pages={13--15},
  year={2005},
  organization={ANL/DIS-06-1, co-sponsored by Argonne National Laboratory and The University of Chicago}
}




@inproceedings{song2014prediction,
  title={Prediction of human emergency behavior and their mobility following large-scale disaster},
  author={Song, Xuan and Zhang, Quanshi and Sekimoto, Yoshihide and Shibasaki, Ryosuke},
  booktitle={Proceedings of the 20th ACM SIGKDD international conference on Knowledge discovery and data mining},
  pages={5--14},
  year={2014},
  organization={ACM}
}


@inproceedings{estuar2017agent,
  title={Agent-Based Modeling Approach in Understanding Behavior During Disasters: Measuring Response and Rescue in eBayanihan Disaster Management Platform},
  author={Estuar, Ma. Regina Justina and Rodrigueza, Rey C and Victorino, John Noel C and Sevilla, Marcella Claudette V and De Leon, Marlene M and Rosales, John Clifford S},
  booktitle={Social, Cultural, and Behavioral Modeling: 10th International Conference, SBP-BRiMS 2017, Washington, DC, USA, July 5-8, 2017, Proceedings},
  volume={10354},
  pages={46},
  year={2017},
  organization={Springer}
}

@article{gantt2012disaster,
  title={Disaster psychology: dispelling the myths of panic},
  author={Gantt, Paul and Gantt, Ron and others},
  journal={Professional Safety},
  volume={57},
  number={08},
  pages={42--49},
  year={2012},
  publisher={American Society of Safety Engineers}
}


%estuar2017agent, 

@article{perry1982role,
  title={The Role of Ethnicity in the Emergency Decision-Making Process},
  author={Perry, Ronald W and Green, Marjorie R},
  journal={Sociological inquiry},
  volume={52},
  number={4},
  pages={306--334},
  year={1982},
  publisher={Wiley Online Library}
}

@article{mawson2005understanding,
  title={Understanding mass panic and other collective responses to threat and disaster},
  author={Mawson, Anthony R},
  journal={Psychiatry: Interpersonal and biological processes},
  volume={68},
  number={2},
  pages={95--113},
  year={2005},
  publisher={Guilford Press}
}

@article{drury2009everyone,
  title={Everyone for themselves? A comparative study of crowd solidarity among emergency survivors},
  author={Drury, John and Cocking, Chris and Reicher, Steve},
  journal={British Journal of Social Psychology},
  volume={48},
  number={3},
  pages={487--506},
  year={2009},
  publisher={Wiley Online Library}
}

@article{barnes1954class,
  title={Class and committees in a Norwegian island parish},
  author={Barnes, John Arundel},
  journal={Human relations},
  volume={7},
  number={1},
  pages={39--58},
  year={1954},
  publisher={Sage Publications Sage CA: Thousand Oaks, CA}
}

@article{freeman1984turning,
  title={Turning a profit from mathematics: The case of social networks},
  author={Freeman, Linton C},
  journal={Journal of Mathematical Sociology},
  volume={10},
  number={3-4},
  pages={343--360},
  year={1984},
  publisher={Taylor \& Francis}
}

@article{moreno1953shall,
  title={Who shall survive? Foundations of sociometry, group psychotherapy and socio-drama},
  author={Moreno, Jacob Levy},
  year={1953},
  publisher={Beacon House}
}

%--------------------------------group
@book{pozzi2016sentiment,
  title={Sentiment Analysis in Social Networks},
  author={Pozzi, Federico Alberto and Fersini, Elisabetta and Messina, Enza and Liu, Bing},
  year={2016},
  publisher={Morgan Kaufmann}
}

@book{schachter1959psychology,
  title={The psychology of affiliation},
  author={Schachter, Stanley},
  year={1959},
  publisher={Stanford University Press Stanford, CA}
}

@article{anderson1985computers,
  title={Computers and clinical judgement: The role of physician networks},
  author={Anderson, James G and Jay, Stephen J},
  journal={Social science \& medicine},
  volume={20},
  number={10},
  pages={969--979},
  year={1985},
  publisher={Elsevier}
}

@article{wellman1997structural,
  title={Structural analysis: From method and metaphor to theory and substance},
  author={Wellman, Barry},
  journal={Contemporary Studies in Sociology},
  volume={15},
  pages={19--61},
  year={1997},
  publisher={JAI Press Inc.}
}

@article{marsden2005recent,
  title={Recent developments in network measurement},
  author={Marsden, Peter V},
  journal={Models and methods in social network analysis},
  volume={8},
  pages={30},
  year={2005}
}

@article{everett2005extending,
  title={Extending centrality},
  author={Everett, Martin G and Borgatti, Stephen P},
  journal={Models and methods in social network analysis},
  volume={35},
  number={1},
  pages={57--76},
  year={2005},
  publisher={Cambridge University Press Cambridge}
}

@article{faust2005using,
  title={Using correspondence analysis for joint displays of affiliation networks},
  author={Faust, Katherine},
  journal={Models and methods in social network analysis},
  volume={7},
  pages={117--147},
  year={2005},
  publisher={Cambridge University Press, Cambridge, MA}
}

@article{freeman2005graphic,
  title={Graphic techniques for exploring social network data},
  author={Freeman, Linton C},
  journal={Models and methods in social network analysis},
  pages={248--269},
  year={2005}
}

@incollection{strang2014network,
  title={Network analysis in criminal intelligence},
  author={Strang, Steven J},
  booktitle={Networks and network analysis for defence and security},
  pages={1--26},
  year={2014},
  publisher={Springer}
}


@online{faultfinder,
author = {PHILVOCS},
title = {Fault Finder,  Online: http://faultfinder.phivolcs.dost.gov.ph/},
year = {2017},
url = {http://faultfinder.phivolcs.dost.gov.ph/}
}

@article{tang2010community,
  title={Community detection and mining in social media},
  author={Tang, Lei and Liu, Huan},
  journal={Synthesis Lectures on Data Mining and Knowledge Discovery},
  volume={2},
  number={1},
  pages={1--137},
  year={2010},
  publisher={Morgan \& Claypool Publishers}
}





% VISUALIZATION &&&&&&&&&&&&&&&&&&&&&
@book{alexander2013excel,
  title={Excel Dashboards and Reports},
  author={Alexander, Michael and Walkenbach, John},
  year={2013},
  publisher={John Wiley \& Sons}
}

@book{todd2012microsoft,
  title={Microsoft Silverlight 5 Building Rich Enterprise Dashboards},
  author={Todd, Snyder and Duffield, Matthew and Smith, Jeffrey and Eden, Joel},
  year={2012},
  publisher={Packt Publishing}
}


@article{few2006information,
  title={Information dashboard design},
  author={Few, Stephen},
  year={2006},
  publisher={O'Reilly Sebastopol, CA}
}

@book{lai2015sap,
  title={SAP BusinessObjects Dashboards 4.1 Cookbook},
  author={Lai, David and Hacking, Xavier},
  year={2015},
  publisher={Packt Publishing Ltd}
}

@book{abdulezer2008xcelsius,
  title={Xcelsius 2008 dashboard best practices},
  author={Abdulezer, Loren},
  year={2008},
  publisher={Pearson Education}
}

@book{rasmussen2009business,
  title={Business dashboards: a visual catalog for design and deployment},
  author={Rasmussen, Nils H and Bansal, Manish and Chen, Claire Y},
  year={2009},
  publisher={John Wiley \& Sons}
}

@book{stirrup2016tableau,
  title={Tableau Dashboard Cookbook},
  author={Stirrup, Jen},
  year={2016},
  publisher={Packt Publishing Ltd}
}

@book{meirelles2013design,
  title={Design for information: an introduction to the histories, theories, and best practices behind effective information visualizations},
  author={Meirelles, Isabel},
  year={2013},
  publisher={Rockport publishers}
}

@book{simon2014visual,
  title={The visual organization: data visualization, Big Data, and the quest for better decisions},
  author={Simon, Phil},
  year={2014},
  publisher={John Wiley \& Sons}
}

@book{saquib2014mathematica,
  title={Mathematica Data Visualization},
  author={Saquib, Nazmus},
  year={2014},
  publisher={Packt Publishing Ltd}
}

@book{rininsland2016learning,
  title={Learning d3. js Data Visualization},
  author={Rininsland, {\AE}ndrew and Teller, Swizec},
  year={2016},
  publisher={Packt Publishing Ltd}
}

@book{dirksen2017expert,
  title={Expert Data Visualization},
  author={Rininsland, Jos},
  year={2017},
  publisher={Packt Publishing Ltd}
}

@book{steele2010beautiful,
  title={Beautiful visualization: looking at data through the eyes of experts},
  author={Steele, Julie and Iliinsky, Noah},
  year={2010},
  publisher={" O'Reilly Media, Inc."}
}

@incollection{fekete2008value,
  title={The value of information visualization},
  author={Fekete, Jean-Daniel and Van Wijk, Jarke J and Stasko, John T and North, Chris},
  booktitle={Information visualization},
  pages={1--18},
  year={2008},
  publisher={Springer}
}

@book{kerren2008information,
  title={Information Visualization: Human-Centered Issues and Perspectives},
  author={Kerren, Andreas and Stasko, John and Fekete, Jean-Daniel and North, Chris},
  volume={4950},
  year={2008},
  publisher={Springer}
}

@article{carpendale2008evaluating,
  title={Evaluating information visualizations},
  author={Carpendale, Sheelagh},
  journal={Information visualization},
  pages={19--45},
  year={2008},
  publisher={Springer}
}

@InCollection{few2004dashboard,
author = {Few, Stephen},
title = {Dashboard Confusion},
booktitle = {Intelligent Enterprise},
year = {2004},
month = {March}
}

@misc{hovis2002stop,
  title={Stop searching for information--monitor it with dashboard technology},
  author={Hovis, G},
  journal={2013-12-14]. http://www. information-management. com/infodirect/20020208/4681-1. html},
  year={2002}
}


@article{brath2004dashboard,
  title={Dashboard design: Why design is important},
  author={Brath, Richard and Peters, Michael},
  journal={DM Direct},
  year={2004}
}

@inproceedings{agrawal2015challenges,
  title={Challenges and opportunities with big data visualization},
  author={Agrawal, Rajeev and Kadadi, Anirudh and Dai, Xiangfeng and Andres, Frederic},
  booktitle={Proceedings of the 7th International Conference on Management of computational and collective intElligence in Digital EcoSystems},
  pages={169--173},
  year={2015},
  organization={ACM}
}
%DUNDAS

@book{rittman2012oracle,
  title={Oracle Business Intelligence 11g Developers Guide},
  author={Rittman, Mark},
  year={2012},
  publisher={McGraw-Hill Osborne Media}
}

@book{muir2008discover,
  title={Discover SAP},
  author={Muir, Nancy and Kimbell, Ian and Ian},
  year={2008},
  publisher={Galileo Press}
}

@misc{spotfire2012spotfire,
  title={Spotfire 5},
  author={Spotfire, TIBCO},
  year={2012}
}

@article{kaushal2004analyzing,
  title={Analyzing and visualizing expression data with Spotfire},
  author={Kaushal, Deepak and Naeve, Clayton W},
  journal={Current Protocols in Bioinformatics},
  pages={7--9},
  year={2004},
  publisher={Wiley Online Library}
}

@inproceedings{wesley2011analytic,
  title={An analytic data engine for visualization in tableau},
  author={Wesley, Richard and Eldridge, Matthew and Terlecki, Pawel T},
  booktitle={Proceedings of the 2011 ACM SIGMOD International Conference on Management of data},
  pages={1185--1194},
  year={2011},
  organization={ACM}
}
% TABLEAU

@article{viegas2007manyeyes,
  title={Manyeyes: a site for visualization at internet scale},
  author={Viegas, Fernanda B and Wattenberg, Martin and Van Ham, Frank and Kriss, Jesse and McKeon, Matt},
  journal={IEEE transactions on visualization and computer graphics},
  volume={13},
  number={6},
  year={2007},
  publisher={IEEE}
}
% MANYEYES

@inproceedings{grammel2010poster,
  title={Poster: Choosel web-based visualization construction and coordination for information visualization novices},
  author={Grammel, Lars and Storey, Margaret-Anne},
  booktitle={IEEE Information Visualization Conference, InfoVis},
  volume={10},
  year={2010}
}
% CHOOSEL


@book{clifton2012advanced,
  title={Advanced web metrics with Google Analytics},
  author={Clifton, Brian},
  year={2012},
  publisher={John Wiley \& Sons}
}

@article{heer2009voyagers,
  title={Voyagers and voyeurs: Supporting asynchronous collaborative visualization},
  author={Heer, Jeffrey and Vi{\'e}gas, Fernanda B and Wattenberg, Martin},
  journal={Communications of the ACM},
  volume={52},
  number={1},
  pages={87--97},
  year={2009},
  publisher={ACM}
}
%SENSE.US

@article{cubrarnic2008polstar,
  title={Polstar: Assisted navigation for exploring multi-dimensional information spaces},
  author={Cubrarnic, D},
  journal={Human-Computer Information Retrieval, HCIR},
  year={2008}
}
%POLSTAR

@inproceedings{france2006monitoring,
  title={Monitoring virtual classroom: Visualization techniques to observe student activities in an e-learning system},
  author={France, Laure and Heraud, J-M and Marty, J-C and Carron, Thibault and Heili, Joseph},
  booktitle={Advanced Learning Technologies, 2006. Sixth International Conference on},
  pages={716--720},
  year={2006},
  organization={IEEE}
}
%CLASSROOM view

@inproceedings{conde2015exploring,
  title={Exploring student interactions: Learning analytics tools for student tracking},
  author={Conde, Miguel {\'A}ngel and H{\'e}rnandez-Garc{\'\i}a, {\'A}ngel and Garc{\'\i}a-Pe{\~n}alvo, Francisco J and S{\'e}in-Echaluce, Mar{\'\i}a Luisa},
  booktitle={International Conference on Learning and Collaboration Technologies},
  pages={50--61},
  year={2015},
  organization={Springer}
}
%MOODLE

@article{kerly2008calmsystem,
  title={CALMsystem: a conversational agent for learner modelling},
  author={Kerly, Alice and Ellis, Richard and Bull, Susan},
  journal={Knowledge-Based Systems},
  volume={21},
  number={3},
  pages={238--246},
  year={2008},
  publisher={Elsevier}
}
%CALMsystem

@misc{lafford2004review,
  title={Review of tell me more Spanish},
  author={Lafford, Barbara A},
  year={2004},
  publisher={University of Hawaii National Foreign Language Resource Center}
}
%Tell ME MORE

@inproceedings{leony2012glass,
  title={GLASS: a learning analytics visualization tool},
  author={Leony, Derick and Pardo, Abelardo and de la Fuente Valent{\'\i}n, Luis and de Castro, David S{\'a}nchez and Kloos, Carlos Delgado},
  booktitle={Proceedings of the 2nd international conference on learning analytics and knowledge},
  pages={162--163},
  year={2012},
  organization={ACM}
}
% GLASS

@inproceedings{govaerts2012student,
  title={The student activity meter for awareness and self-reflection},
  author={Govaerts, Sten and Verbert, Katrien and Duval, Erik and Pardo, Abelardo},
  booktitle={CHI'12 Extended Abstracts on Human Factors in Computing Systems},
  pages={869--884},
  year={2012},
  organization={ACM}
}
% SAM

@inproceedings{santos2012goal,
  title={Goal-oriented visualizations of activity tracking: a case study with engineering students},
  author={Santos, Jose Luis and Govaerts, Sten and Verbert, Katrien and Duval, Erik},
  booktitle={Proceedings of the 2nd international conference on learning analytics and knowledge},
  pages={143--152},
  year={2012},
  organization={ACM}
}
% STEP-UP!

@article{scheuer2007did,
  title={How did the e-learning session go? The Student Inspector},
  author={Scheuer, Oliver and Zinn, Claus},
  journal={Frontiers in Artificial Intelligence and Applications},
  volume={158},
  pages={487},
  year={2007},
  publisher={IOS Press}
}
%STUDENT ACTIVITY

@inproceedings{saleem2008towards,
  title={Towards a business continuity information network for rapid disaster recovery},
  author={Saleem, Khalid and Luis, Steven and Deng, Yi and Chen, Shu-Ching and Hristidis, Vagelis and Li, Tao},
  booktitle={Proceedings of the 2008 international conference on Digital government research},
  pages={107--116},
  year={2008},
  organization={Digital Government Society of North America}
}

@inproceedings{de2010development,
  title={Development of a virtual dashboard for event coordination between multiple groups},
  author={de Lanerolle, Trishan R and Anderson, W and DeFabbia-Kane, Sam and Fox-Epstein, Eli and Gochev, Dimitar and Morelli, R},
  booktitle={Proc. 7th International Conference on Information Systems for Crisis Response and Management (ISCRAM 2010)},
  year={2010}
}

@inproceedings{bharosa2010we,
  title={Are we prepared? Experiences from developing dashboards for disaster preparation},
  author={Bharosa, Nitesh and Meijer, Sebastiaan and Janssen, Marijn and Brave, Fritjof},
  booktitle={Proceedings of the 7th International ISCRAM Conference},
  year={2010}
}

@inproceedings{vassell2016intelligent,
  title={Intelligent Dashboard for augmented reality based incident command response co-ordination},
  author={Vassell, Mark and Apperson, Olivia and Calyam, Prasad and Gillis, John and Ahmad, Salman},
  booktitle={2016 13th IEEE Annual Consumer Communications \& Networking Conference (CCNC)},
  pages={976--979},
  year={2016},
  organization={IEEE}
}

@article{levy2010application,
  title={Application of information technology within a field hospital deployment following the January 2010 Haiti earthquake disaster},
  author={Levy, Gad and Blumberg, Nehemia and Kreiss, Yitshak and Ash, Nachman and Merin, Ofer},
  journal={Journal of the American Medical Informatics Association},
  volume={17},
  number={6},
  pages={626--630},
  year={2010},
  publisher={BMJ Group}
}

@article{zheng2013data,
  title={Data mining meets the needs of disaster information management},
  author={Zheng, Li and Shen, Chao and Tang, Liang and Zeng, Chunqiu and Li, Tao and Luis, Steve and Chen, Shu-Ching},
  journal={IEEE Transactions on Human-Machine Systems},
  volume={43},
  number={5},
  pages={451--464},
  year={2013},
  publisher={IEEE}
}


@Misc{phivolcs,
author = {PHIVOLCS},
title = {Philippine Institute of Volcanology and Seismology},
howpublished = {Online Available: http://www.phivolcs.dost.gov.ph},
year = {2017},
annote = {Available: http://www.phivolcs.dost.gov.ph}
}

@Misc{pagasa,
author = {PAGASA},
title = {Philippine Atmospheric, Geophysical and Astronomical Services Administration},
howpublished = {Online Available: https://www1.pagasa.dost.gov.ph/index.php},
year = {2017},
annote = {Available: https://www1.pagasa.dost.gov.ph/index.php}
}

@Misc{upnoah,
author = {UP NOAH},
title = {University of the Philippines Nationwide Operational Assessment of Hazards},
howpublished = {Online Available: http://center.noah.up.edu.ph},
year = {2017},
annote = {Available: http://center.noah.up.edu.ph}
}



%%%%%%%%% LINK PREDICTION

@inproceedings{ozcan2015multivariate,
  title={Multivariate temporal Link Prediction in evolving social networks},
  author={{\"O}zcan, Alper and {\"O}{\u{g}}{\"u}d{\"u}c{\"u}, {\c{S}}ule G{\"u}nd{\"u}z},
  booktitle={2015 IEEE/ACIS 14th International Conference on Computer and Information Science (ICIS)},
  pages={185--190},
  year={2015},
  organization={IEEE}
}

@inproceedings{da2012time,
  title={Time series based link prediction},
  author={da Silva Soares, Paulo Ricardo and Prud{\^e}ncio, Ricardo Bastos Cavalcante},
  booktitle={The 2012 International Joint Conference on Neural Networks (IJCNN)},
  pages={1--7},
  year={2012},
  organization={IEEE}
}
%52

@article{co2017svm,
  title={Time-series link prediction using Support Vector Machines},
  author={Co, Jan Miles and Fernandez, Proceso},
  journal={Philippine Journal of Science},
  volume={146},
  number={2},
  pages={105--116},
  year={2017}
}

@article{newman2001clustering,
  title={Clustering and preferential attachment in growing networks},
  author={Newman, Mark EJ},
  journal={Physical review E},
  volume={64},
  number={2},
  pages={025102},
  year={2001},
  publisher={APS}
}

@article{adamic2003friends,
  title={Friends and neighbors on the web},
  author={Adamic, Lada A and Adar, Eytan},
  journal={Social networks},
  volume={25},
  number={3},
  pages={211--230},
  year={2003},
  publisher={Elsevier}
}

@misc{mogotsi2010christopher,
  title={Christopher d. manning, prabhakar raghavan, and hinrich sch{\"u}tze: Introduction to information retrieval},
  author={Mogotsi, IC},
  year={2010},
  publisher={Springer}
}

@article{barabasi2002evolution,
  title={Evolution of the social network of scientific collaborations},
  author={Barab{\^a}si, Albert-Laszlo and Jeong, Hawoong and N{\'e}da, Zoltan and Ravasz, Erzsebet and Schubert, Andras and Vicsek, Tamas},
  journal={Physica A: Statistical mechanics and its applications},
  volume={311},
  number={3},
  pages={590--614},
  year={2002},
  publisher={Elsevier}
}

@article{zhou2009predicting,
  title={Predicting missing links via local information},
  author={Zhou, Tao and L{\"u}, Linyuan and Zhang, Yi-Cheng},
  journal={The European Physical Journal B-Condensed Matter and Complex Systems},
  volume={71},
  number={4},
  pages={623--630},
  year={2009},
  publisher={Springer}
}


@article{salton1986introduction,
  title={Introduction to modern information retrieval},
  author={Salton, Gerard and McGill, Michael J},
  year={1986},
  publisher={McGraw-Hill, Inc.}
}
%******************************************************

@inproceedings{wang2014review,
  title={A review of link prediction in social networks},
  author={Wang, Tingli and Liao, Guoqiong},
  booktitle={Management of e-Commerce and e-Government (ICMeCG), 2014 International Conference on},
  pages={147--150},
  year={2014},
  organization={IEEE}
}

@misc{choudhary2013link,
  title={Link score: A novel method for time aware link prediction in social network},
  author={Choudhary, Pankaj and Mishra, Nishchol and Sharma, Sanjeev and Patel, Ravindra},
  year={2013},
  publisher={ICDMW}
}
%15

@inproceedings{gilbert2009predicting,
  title={Predicting tie strength with social media},
  author={Gilbert, Eric and Karahalios, Karrie},
  booktitle={Proceedings of the SIGCHI conference on human factors in computing systems},
  pages={211--220},
  year={2009},
  organization={ACM}
}
%25

@inproceedings{hopcroft2011will,
  title={Who will follow you back?: reciprocal relationship prediction},
  author={Hopcroft, John and Lou, Tiancheng and Tang, Jie},
  booktitle={Proceedings of the 20th ACM international conference on Information and knowledge management},
  pages={1137--1146},
  year={2011},
  organization={ACM}
}
%27



@article{huang2009time,
  title={The time-series link prediction problem with applications in communication surveillance},
  author={Huang, Zan and Lin, Dennis KJ},
  journal={INFORMS Journal on Computing},
  volume={21},
  number={2},
  pages={286--303},
  year={2009},
  publisher={INFORMS}
}
%28

@article{kurakar2014link,
  title={Link Prediction in Protein-Protein Networks: Survey},
  author={Kurakar, Manu and Izudheen, Sminu},
  journal={International Journal of Computer Trends and Technology},
  volume={9},
  pages={164-168},
  year={2014}
}
%33

@inproceedings{lee2012link,
  title={Link prediction in a modified heterogeneous bibliographic network},
  author={Lee, John Boaz and Adorna, Henry},
  booktitle={2012 IEEE/ACM International Conference on Advances in Social Networks Analysis and Mining (ASONAM)},
  pages={442--449},
  year={2012},
  organization={IEEE}
}
%34

@inproceedings{tang2012cross,
  title={Cross-domain collaboration recommendation},
  author={Tang, Jie and Wu, Sen and Sun, Jimeng and Su, Hang},
  booktitle={Proceedings of the 18th ACM SIGKDD international conference on Knowledge discovery and data mining},
  pages={1285--1293},
  year={2012},
  organization={ACM}
}
%50

@inproceedings{tang2015negative,
  title={Negative link prediction in social media},
  author={Tang, Jiliang and Chang, Shiyu and Aggarwal, Charu and Liu, Huan},
  booktitle={Proceedings of the Eighth ACM International Conference on Web Search and Data Mining},
  pages={87--96},
  year={2015},
  organization={ACM}
} 
%52

@inproceedings{tylenda2009towards,
  title={Towards time-aware link prediction in evolving social networks},
  author={Tylenda, Tomasz and Angelova, Ralitsa and Bedathur, Srikanta},
  booktitle={Proceedings of the 3rd Workshop on Social Network Mining and Analysis},
  pages={9},
  year={2009},
  organization={ACM}
}
%53

@inproceedings{xiang2010modeling,
  title={Modeling relationship strength in online social networks},
  author={Xiang, Rongjing and Neville, Jennifer and Rogati, Monica},
  booktitle={Proceedings of the 19th International Conference on World Wide Web},
  pages={981--990},
  year={2010},
  organization={ACM}
}
%61

@article{yang2015link,
  title={Link prediction in brain networks based on a hierarchical random graph model},
  author={Yang, Yanli and Guo, Hao and Tian, Tian and Li, Haifang},
  journal={Tsinghua Science and Technology},
  volume={20},
  number={3},
  pages={306--315},
  year={2015},
  publisher={TUP}
}
%65

@inproceedings{zhang2010predicting,
  title={Predicting social ties in mobile phone networks},
  author={Zhang, Huiqi and Dantu, Ram},
  booktitle={2010 IEEE International Conference on Intelligence and Security Informatics (ISI) },
  pages={25--30},
  year={2010},
  organization={IEEE}
}
%67

@book{casti1997would,
  title={Would-be worlds},
  author={Casti, John},
  year={1997},
  publisher={New York: Wiley}
}

@inproceedings{amant2001intelligent,
  title={Intelligent visualization in a planning simulation},
  author={Amant, Robert St and Healey, Christopher G and Riedl, Mark and Kocherlakota, Sarat and Pegram, David A and Torhola, Mika},
  booktitle={International Conference on Intelligent User Interfaces: Proceedings of the 6th International Conference on Intelligent User Interfaces},
  volume={14},
  number={17},
  pages={153--159},
  year={2001}
}

@book{hansen2011analyzing,
  title={Analyzing social media networks with NodeXL: Insights from a connected world},
  author={Hansen, Derek and Shneiderman, Ben and Smith, Marc A},
  year={2011},
  publisher={Morgan Kaufmann}
}

@book{pries2015big,
  title={Big Data Analytics: A practical guide for managers},
  author={Pries, Kim H and Dunnigan, Robert},
  year={2015},
  publisher={CRC Press}
}


@book{abraham2009computational,
  title={Computational social network analysis: Trends, tools and research advances},
  author={Abraham, Ajith and Hassanien, Aboul-Ella and Sn{\'a}, Vaclav and others},
  year={2009},
  publisher={Springer Science \& Business Media}
}

@book{berthold2003intelligent,
  title={Intelligent data analysis: an introduction},
  author={Berthold, Michael and Hand, David J},
  year={2003},
  publisher={Springer Science \& Business Media}
}

%--------- ABM TOOLS

@misc{centola2015ascape,
  title={The Ascape model developer’s manual},
  author={Centola, Damon},
  year={2015}
}

@inproceedings{mota2012documentation,
  title={Documentation comes to life in computational thinking acquisition with agentsheets},
  author={Mota, Marcelle Pereira and Faria, Leonardo Serra and de Souza, Clarisse Sieckenius},
  booktitle={Proceedings of the 11th Brazilian Symposium on Human Factors in Computing Systems},
  pages={151--160},
  year={2012},
  organization={Brazilian Computer Society}
}


@article{begel2007starlogo,
  title={Starlogo TNG: An introduction to game development},
  author={Begel, Andrew and Klopfer, Eric},
  journal={Journal of E-Learning},
  volume={53},
  pages={146},
  year={2007}
}



%---------------------------------------------------------
@incollection{casalicchio2006modelling,
  title={Modelling and simulation of interdependent critical infrastructure: the road ahead},
  author={Casalicchio, Emiliano and Donzelli, Paolo and Setola, Roberto and Tucci, Salvatore},
  booktitle={Communication Networks and Computer Systems: A Tribute to Professor Erol Gelenbe},
  pages={143--159},
  year={2006},
  publisher={World Scientific}
}

@article{wang2014link,
  title={Link prediction in social networks: the state-of-the-art},
  author={Wang, Peng and Xu, BaoWen and Wu, YuRong and Zhou, XiaoYu},
  journal={arXiv preprint arXiv:1411.5118},
  year={2014}
}

@incollection{keim2007visualization,
  title={Visualization},
  author={Keim, Daniel and Ward, Matthew},
  booktitle={Intelligent data analysis},
  pages={403--427},
  year={2007},
  publisher={Springer}
}

@article{keim2002information,
  title={Information visualization and visual data mining},
  author={Keim, Daniel A},
  journal={IEEE transactions on Visualization and Computer Graphics},
  volume={8},
  number={1},
  pages={1--8},
  year={2002},
  publisher={IEEE}
}

@inproceedings{shneiderman1996eyes,
  title={The eyes have it: A task by data type taxonomy for information visualizations},
  author={Shneiderman, Ben},
  booktitle={In Proceedings of 1996 IEEE Symposium on Visual Languages },
  pages={336--343},
  year={1996},
  organization={IEEE}
}

@book{card1999readings,
  title={Readings in information visualization: using vision to think},
  author={Card, Stuart K and Mackinlay, Jock D and Shneiderman, Ben},
  year={1999},
  publisher={Morgan Kaufmann}
}

@book{ware2012information,
  title={Information visualization: perception for design},
  author={Ware, Colin},
  year={2012},
  publisher={Elsevier}
}

@book{spence2001information,
  title={Information visualization},
  author={Spence, Robert},
  volume={1},
  year={2001},
  publisher={Springer}
}

@article{rao2003unstructured,
  title={From unstructured data to actionable intelligence},
  author={Rao, Ramana},
  journal={IT professional},
  volume={5},
  number={6},
  pages={29--35},
  year={2003},
  publisher={IEEE}
}

@article{johnson2004top,
  title={Top scientific visualization research problems},
  author={Johnson, Chris},
  journal={IEEE Computer Graphics and Applications},
  volume={24},
  number={4},
  pages={13--17},
  year={2004},
  publisher={IEEE}
}

% https://patents.google.com/patent/US20070011183A1/en
%-------------------------------------------------------------------------------------
@inproceedings{lettieri2017agents,
  title={Agents Shaping Networks Shaping Agents: Integrating Social Network Analysis and Agent-Based Modeling in Computational Crime Research},
  author={Lettieri, Nicola and Altamura, Antonio and Malandrino, Delfina and Punzo, Valentina},
  booktitle={Progress in Artificial Intelligence: 18th EPIA Conference on Artificial Intelligence},
  pages={15--27},
  year={2017},
  organization={Springer}
}



@article{nilsson2015assessing,
  title={Assessing the impact of real-time price visualization on residential electricity consumption, costs, and carbon emissions},
  author={Nilsson, Anders and Stoll, Pia and Brandt, Nils},
  journal={Resources, Conservation and Recycling},
  year={2015},
  publisher={Elsevier}
}

@inproceedings{pugmire2016visualization,
  title={Visualization and analysis for near-real-time decision making in distributed workflows},
  author={Pugmire, David and Kress, James and Choi, Jong and Klasky, Scott and Kurc, Tahsin and Churchill, Randy Michael and Wolf, Matthew and Eisenhower, Greg and Childs, Hank and Wu, Kesheng and others},
  booktitle={Parallel and Distributed Processing Symposium Workshops, 2016 IEEE International},
  pages={1007--1013},
  year={2016},
  organization={IEEE}
}

@article{chen2017real,
  title={Real-World Uses for Information Visualization in Libraries},
  author={Chen, Hsuanwei Michelle},
  journal={Library Technology Reports},
  volume={53},
  number={3},
  pages={21},
  year={2017},
  publisher={American Library Association}
}

@article{adkins2016progression,
  title={Progression of a Data Visualization Assignment},
  author={Adkins, Joni K},
  journal={Information Systems Education Journal},
  volume={14},
  number={6},
  pages={20},
  year={2016}
}

@article{edseee.811555520170101,
Abstract = {Visualization of data in learning management systems became essential for easier analysis of learner's behavior and interpretation of results on such system. In this paper, we presented design and development process of dashboard for the prototype of program support-CM Tutor. After analysis of various approaches of designing a learning analytics dashboard, we selected most important items for display on the dashboard, and we created our own. We have designed and built a dashboard for intelligent learning management systems. The dashboard is intended for both students and teachers. The teacher has access to all the functionalities of dashboard, while student approach is limited.},
ISSN = {978-953-290-078-1},
Journal = {2017 25th International Conference on Software, Telecommunications and Computer Networks (SoftCOM), Software, Telecommunications and Computer Networks (SoftCOM), 2017 25th International Conference on},
Keywords = {Communication, Networking and Broadcast Technologies, Computing and Processing, Fields, Waves and Electromagnetics, Signal Processing and Analysis, Data visualization, Testing, Adaptation models, Tools, Mathematical model, Learning management systems, Dashboard, Learning analytics, Learning Analytics Dashboards, Visualization, Intelligent learning management systems},
Pages = {1},
Title = {Learner and course dashboards for intelligent learning management systems.},
URL = {http://rizal.lib.admu.edu.ph:2048/login?url=http://search.ebscohost.com/login.aspx?direct=true&db=edseee&AN=edseee.8115555&scope=site},
Year = {2017},
}


@article{edseee.748919820150101,
Abstract = {In this paper we evaluate interactive visualizations generated by existing medical tool used to visualize patients' fixed and temporal data. It has been developed to better understand a large collection of patients' data in the Intensive Care Unit in order to daily prevent the nosocomial infection occurrence. Existing visualization evaluation studies introduce a variety of classical and novel evaluation methods but we need to integrate more intelligent techniques for the evaluation of visual analytics tasks of medical data. The proposed method consists of interpreting and analyzing initial evaluation results using fuzzy logic technique. Such technique allows intelligent analysis of the evaluation results. Our contribution tends to propose a more novel and interesting method to reach high performance in evaluation procedure.},
ISSN = {978-1-4673-8709-5},
Journal = {2015 15th International Conference on Intelligent Systems Design and Applications (ISDA), Intelligent Systems Design and Applications (ISDA), 2015 15th International Conference on},
Keywords = {Communication, Networking and Broadcast Technologies, Computing and Processing, General Topics for Engineers, Robotics and Control Systems, Signal Processing and Analysis, Visualization, Context, Irrigation, Pragmatics, Java, nosocomial infections, Evaluation, Fuzzy Logic, medical data},
Pages = {673},
Title = {Towards an intelligent evaluation method of medical data visualizations.},
URL = {http://rizal.lib.admu.edu.ph:2048/login?url=http://search.ebscohost.com/login.aspx?direct=true&db=edseee&AN=edseee.7489198&scope=site},
Year = {2015},
}

@article{verbert2013learning,
  title={Learning analytics dashboard applications},
  author={Verbert, Katrien and Duval, Erik and Klerkx, Joris and Govaerts, Sten and Santos, Jos{\'e} Luis},
  journal={American Behavioral Scientist},
  volume={57},
  number={10},
  pages={1500--1509},
  year={2013},
  publisher={Sage Publications Sage CA: Los Angeles, CA}
}

@article{edseee.642916020120101,
Abstract = {In order to solve knowledge ambiguity, dynamic, dependence and uncertainty of agriculture production, this paper using computer modeling and visualization techniques, combined with artificial intelligence, database, intelligent information systems, decision support systems and network technology development of ginseng production intelligent decision-making system, and applied to the field of ginseng production, for the traditional ginseng cultivation has injected new vigor and vitality, the system research to improve the ginseng yield, the production efficiency, the effective use of resources, reduce production costs and environmental pollution, which has the important theory significance and application value, but also suitable for exploring the ginseng normalization, intelligence, visualization and dynamic production method provides the scientific method and basis theoretical.},
ISSN = {978-1-4673-5034-1},
Journal = {2012 Second International Conference on Instrumentation, Measurement, Computer, Communication and Control, Instrumentation, Measurement, Computer, Communication and Control (IMCCC), 2012 Second International Conference on, Instrumentation, Measurement, Computer, Communication and Control, International Conference on},
Keywords = {Communication, Networking and Broadcast Technologies, Components, Circuits, Devices and Systems, Computing and Processing, Signal Processing and Analysis, Robotics and Control Systems, Production, Expert systems, Predictive models, Analytical models, Diseases, Agriculture, dynamic, rule model, visualization technology, intelligent information systems},
Pages = {1379},
Title = {The Rule Model and Visualization Technology Application in Intelligent Decision-making System.},
URL = {http://rizal.lib.admu.edu.ph:2048/login?url=http://search.ebscohost.com/login.aspx?direct=true&db=edseee&AN=edseee.6429160&scope=site},
Year = {2012},
}

@article{edseee.627030820120101,
Abstract = {This paper is dedicated to an intelligent visualization system for landslide monitoring, whereas wireless sensor network is deployed for observing and detecting the dynamic changes of the landslide body at an experiment site. The visualization system is designed and implemented to visualize the spatial distribution of the employed sensors and the data of these sensors. Through the visualization-supported data analysis, the system will be capable of alert for possible critical events such as landslide surface failure. The experimental results show the initial functions and prototype capabilities of the system.},
ISSN = {978-1-4673-1103-8},
Journal = {2012 20th International Conference on Geoinformatics, Geoinformatics (GEOINFORMATICS), 2012 20th International Conference on},
Keywords = {Geoscience, Communication, Networking and Broadcast Technologies, Computing and Processing, Power, Energy and Industry Applications, Visualization, Monitoring, Support vector machines, data visualization, landslide, wireless sensor network},
Pages = {1},
Title = {An intelligent visualization system for landslide monitoring with sensor network.},
URL = {http://rizal.lib.admu.edu.ph:2048/login?url=http://search.ebscohost.com/login.aspx?direct=true&db=edseee&AN=edseee.6270308&scope=site},
Year = {2012},
}

@article{cleveland1984graphical,
  title={Graphical perception: Theory, experimentation, and application to the development of graphical methods},
  author={Cleveland, William S and McGill, Robert},
  journal={Journal of the American statistical association},
  volume={79},
  number={387},
  pages={531--554},
  year={1984},
  publisher={Taylor \& Francis}
}

@article{cleveland1985graphical,
  title={Graphical perception and graphical methods for analyzing scientific data},
  author={Cleveland, William S and McGill, Robert and others},
  journal={Science},
  volume={229},
  number={4716},
  pages={828--833},
  year={1985},
  publisher={Washington}
}

@article{cleveland1987graphical,
  title={Graphical perception: The visual decoding of quantitative information on graphical displays of data},
  author={Cleveland, William S and McGill, Robert},
  journal={Journal of the Royal Statistical Society. Series A (General)},
  pages={192--229},
  year={1987},
  publisher={JSTOR}
}



@article{park2006social,
  title={The social ecology of Hurricane Katrina: Re-writing the discourse of “natural” disasters},
  author={Park, Yoosun and Miller, Joshua},
  journal={Smith College Studies in Social Work},
  volume={76},
  number={3},
  pages={9--24},
  year={2006},
  publisher={Taylor \& Francis}
}

 
 @article{clarke2002panic,
  title={Panic: Myth or reality?},
  author={Clarke, Lee},
  journal={contexts},
  volume={1},
  number={3},
  pages={21--26},
  year={2002},
  publisher={SAGE Publications Sage CA: Los Angeles, CA}
}
 

@article{perry2003understanding,
  title={Understanding citizen response to disasters with implications for terrorism},
  author={Perry, Ronald W and Lindell, Michael K},
  journal={Journal of Contingencies and Crisis Management},
  volume={11},
  number={2},
  pages={49--60},
  year={2003},
  publisher={Wiley Online Library}
}
  
@article{perry2003preparedness,
  title={Preparedness for emergency response: guidelines for the emergency planning process},
  author={Perry, Ronald W and Lindell, Michael K},
  journal={Disasters},
  volume={27},
  number={4},
  pages={336--350},
  year={2003},
  publisher={Wiley Online Library}
}

@book{gantt2009hazardous,
  title={Hazardous materials: Regulations, response and site operations},
  author={Gantt, Paul},
  year={2009},
  publisher={Delmar Cengage Learning}
}

@article{heide2004common,
  title={Common misconceptions about disasters: Panic, the “disaster syndrome,” and looting},
  author={Heide, Erik Aufder},
  journal={The first 72 hours: a community approach to disaster preparedness},
  volume={337},
  year={2004}
}



@article{thaden2009measurement,
  title={The measurement of Social Networks: a comparison of alter-centered and relationship-centered survey designs},
  author={Thaden, Lyssa L and Rotolo, Thomas},
  journal={Connections},
  volume={29},
  number={1},
  pages={15--25},
  year={2009}
}

@article{stephenson1989rethinking,
  title={Rethinking centrality: Methods and examples},
  author={Stephenson, Karen and Zelen, Marvin},
  journal={Social networks},
  volume={11},
  number={1},
  pages={1--37},
  year={1989},
  publisher={Elsevier}
}

@incollection{estrada2010resistance,
  title={Resistance distance, information centrality, node vulnerability and vibrations in complex networks},
  author={Estrada, Ernesto and Hatano, Naomichi},
  booktitle={Network science},
  pages={13--29},
  year={2010},
  publisher={Springer}
}

@book{turner1957collective,
  title={Collective behavior},
  author={Turner, Ralph H and Killian, Lewis M and others},
  year={1957},
  publisher={Prentice-Hall Englewood Cliffs, NJ}
}

@book{turner1987rediscovering,
  title={Rediscovering the social group: A self-categorization theory.},
  author={Turner, John C and Hogg, Michael A and Oakes, Penelope J and Reicher, Stephen D and Wetherell, Margaret S},
  year={1987},
  publisher={Basil Blackwell}
}

@inproceedings{macal2009agent,
  title={Agent-based modeling and simulation},
  author={Macal, Charles M and North, Michael J},
  booktitle={Proceedings of the 2009 Winter Simulation Conference},
  pages={86--98},
  year={2009},
  organization={IEEE}
}


% ABM ABM ABM ABM ABM ABM ABM ABM ABM ABM ABM ABM ABM ABM ABM ABM ABM ABM ABM ABM ABM ABM ABM ABM ABM

@inproceedings{drogoul2002multi,
  title={Multi-agent based simulation: Where are the agents?},
  author={Drogoul, Alexis and Vanbergue, Diane and Meurisse, Thomas},
  booktitle={International Workshop on Multi-Agent Systems and Agent-Based Simulation},
  pages={1--15},
  year={2002},
  organization={Springer}
}


@article{niazi2011novel,
  title={A novel agent-based simulation framework for sensing in complex adaptive environments},
  author={Niazi, Muaz A and Hussain, Amir},
  journal={IEEE Sensors Journal},
  volume={11},
  number={2},
  pages={404--412},
  year={2011},
  publisher={IEEE}
}

@article{crooks2008key,
  title={Key challenges in agent-based modelling for geo-spatial simulation},
  author={Crooks, Andrew and Castle, Christian and Batty, Michael},
  journal={Computers, Environment and Urban Systems},
  volume={32},
  number={6},
  pages={417--430},
  year={2008},
  publisher={Elsevier}
}

@article{heath2009survey,
  title={A survey of agent-based modeling practices (January 1998 to July 2008)},
  author={Heath, Brian and Hill, Raymond and Ciarallo, Frank},
  journal={Journal of Artificial Societies and Social Simulation},
  volume={12},
  number={4},
  pages={9},
  year={2009}
}

@article{siebers2010discrete,
  title={Discrete-event simulation is dead, long live agent-based simulation!},
  author={Siebers, Peer-Olaf and Macal, Charles M and Garnett, Jeremy and Buxton, David and Pidd, Michael},
  journal={Journal of Simulation},
  volume={4},
  number={3},
  pages={204--210},
  year={2010},
  publisher={Springer}
}

@article{richiardi2006common,
  title={A common protocol for agent-based social simulation},
  author={Richiardi, Matteo and Leombruni, Roberto and Saam, Nicole and Sonnessa, Michele},
  year={2006}
}


@inproceedings{cares2002use,
  title={The use of agent-based models in military concept development},
  author={Cares, Jeffrey R},
  booktitle={Simulation Conference, 2002. Proceedings of the Winter},
  volume={1},
  pages={935--939},
  year={2002},
  organization={IEEE}
}

@article{janssen2005agent,
  title={Agent-based modelling},
  author={Janssen, Marco A},
  journal={Modelling in ecological economics},
  pages={155--172},
  year={2005}
}


@article{cho2012conceptual,
  title={A conceptual design of an agent-based interaction model for the carpooling application},
  author={Cho, Sungjin and Knapen, Luk and Bellemans, Tom and Janssens, Davy and Wets, Geert and others},
  journal={Procedia Computer Science},
  volume={10},
  pages={801--807},
  year={2012},
  publisher={Elsevier}
}

@article{kornhauser2009design,
  title={Design guidelines for agent based model visualization},
  author={Kornhauser, Daniel and Wilensky, Uri and Rand, William},
  journal={Journal of Artificial Societies and Social Simulation},
  volume={12},
  number={2},
  pages={1},
  year={2009}
}

@incollection{bommel2016cormas,
  title={Cormas: An Agent-Based Simulation Platform for Coupling Human Decisions with Computerized Dynamics},
  author={Bommel, Pierre and Becu, Nicolas and Le Page, Christophe and Bousquet, Fran{\c{c}}ois},
  booktitle={Simulation and Gaming in the Network Society},
  pages={387--410},
  year={2016},
  publisher={Springer}
}


@article{jahangirian2017key,
  title={Key performance indicators for successful simulation projects},
  author={Jahangirian, Mohsen and Taylor, Simon JE and Young, Terry and Robinson, Stewart},
  journal={Journal of the Operational Research Society},
  volume={68},
  number={7},
  pages={747--765},
  year={2017},
  publisher={Taylor \& Francis}
}

@article{siebers2011towards,
  title={Towards the development of a simulator for investigating the impact of people management practices on retail performance},
  author={Siebers, Peer-Olaf and Aickelin, Uwe and Celia, Helen and Clegg, Chris W},
  journal={Journal of Simulation},
  volume={5},
  number={4},
  pages={247--265},
  year={2011},
  publisher={Springer}
}

@article{tong2016correction,
  title={Correction: Development of an Agent-Based Model (ABM) to Simulate the Immune System and Integration of a Regression Method to Estimate the Key ABM Parameters by Fitting the Experimental Data},
  author={Tong, Xuming and Chen, Jinghang and Miao, Hongyu and Li, Tingting and Zhang, Le},
  journal={PloS one},
  volume={11},
  number={5},
  pages={e0156823},
  year={2016},
  publisher={Public Library of Science}
}

@book{railsback2012agent,
  title={Agent-based and individual-based modeling: a practical introduction},
  author={Railsback, Steven F and Grimm, Volker},
  year={2012},
  publisher={Princeton university press}
}

@article{dorin2014practice,
  title={The practice of agent-based model visualization},
  author={Dorin, Alan and Geard, Nicholas},
  journal={Artificial life},
  volume={20},
  number={2},
  pages={271--289},
  year={2014},
  publisher={MIT Press}
}

@article{hall2016visualizing,
  title={Visualizing the workings of agent-based models: Diagrams as a tool for communication and knowledge acquisition},
  author={Hall, Andreas and Virrantaus, Kirsi},
  journal={Computers, Environment and Urban Systems},
  volume={58},
  pages={1--11},
  year={2016},
  publisher={Elsevier}
}

@inproceedings{grignard2013online,
  title={Online analysis and visualization of agent based models},
  author={Grignard, Arnaud and Drogoul, Alexis and Zucker, Jean-Daniel},
  booktitle={International Conference on Computational Science and Its Applications},
  pages={662--672},
  year={2013},
  organization={Springer}
}

@article{kornhauser2007visualization,
  title={Visualization tools for agent-based modeling in NetLogo},
  author={Kornhauser, D and Rand, W and Wilensky, U},
  journal={Proceedings of Agent2007},
  pages={15--17},
  year={2007}
}


@article{grignard2017agent,
  title={Agent-Based Visualization: A Real-Time Visualization Tool Applied Both to Data and Simulation Outputs},
  author={Grignard, Arnaud and Drogoul, Alexis},
  year={2017}
}

@article{tobias2004evaluation,
  title={Evaluation of free Java-libraries for social-scientific agent based simulation},
  author={Tobias, Robert and Hofmann, Carole},
  journal={Journal of Artificial Societies and Social Simulation},
  volume={7},
  number={1},
  year={2004}
}

@inproceedings{li2008agent,
  title={Agent-based social simulation and modeling in social computing},
  author={Li, Xiaochen and Mao, Wenji and Zeng, Daniel and Wang, Fei-Yue},
  booktitle={International Conference on Intelligence and Security Informatics},
  pages={401--412},
  year={2008},
  organization={Springer}
}

@article{davidsson2002agent,
  title={Agent based social simulation: A computer science view},
  author={Davidsson, Paul},
  journal={Journal of artificial societies and social simulation},
  volume={5},
  number={1},
  year={2002}
}

@inproceedings{pavon2006agent,
  title={Agent based Modeling of Social Systems.},
  author={Pav{\'o}n, Juan and Sansores, Candelaria E and G{\'o}mez-Sanz, Jorge J},
  booktitle={EUMAS},
  year={2006}
}

@article{khattak2015verification,
  title={Verification and validation of agent-based model using E-VOMAS approach},
  author={Khattak, Abid Saeed and Khiyal, Malik Sikander Hayat and Rizvi, Sanam Shahla},
  journal={International Journal Of Computer Science and Network Security (IJCSNS)},
  volume={15},
  number={3},
  pages={29},
  year={2015},
  publisher={International Journal of Computer Science and Network Security}
}

@article{niazi2017verification,
  title={Verification \& validation of agent based simulations using the VOMAS (virtual overlay multi-agent system) approach},
  author={Niazi, Muaz A and Hussain, Amir and Kolberg, Mario},
  journal={arXiv preprint arXiv:1708.02361},
  year={2017}
}

@article{markstutorial,
  title={Tutorial: Validating Simulation Models, and Multi-A gent Systems in the Social Sciences CIFEr Singapore 19 Apr il 2013},
  author={Marks, Rober t E}
}

@article{marks2007validating,
  title={Validating simulation models: a general framework and four applied examples},
  author={Marks, Robert Ernest},
  journal={Computational economics},
  volume={30},
  number={3},
  pages={265--290},
  year={2007},
  publisher={Springer}
}

@article{marks2013validation,
  title={Validation and model selection: Three similarity measures compared},
  author={Marks, Robert E},
  journal={Complexity Economics},
  volume={2},
  number={1},
  pages={41--61},
  year={2013}
}

@inproceedings{troitzsch2004validating,
  title={Validating simulation models},
  author={Troitzsch, Klaus G},
  booktitle={Proceedings of the 18th European Simulation Multiconference},
  pages={98--106},
  year={2004},
  organization={Erlagen, Germany: SCS}
}

@book{smajgl2014empirical,
  title={Empirical agent-based modelling-challenges and solutions},
  author={Smajgl, Alexander and Barreteau, Olivier},
  year={2014},
  publisher={Springer}
}

@article{garcia2017tabsaond,
  title={TABSAOND: A technique for developing agent-based simulation apps and online tools with nondeterministic decisions},
  author={Garc{\'\i}a-Magari{\~n}o, Iv{\'a}n and Palacios-Navarro, Guillermo and Lacuesta, Raquel},
  journal={Simulation Modelling Practice and Theory},
  volume={77},
  pages={84--107},
  year={2017},
  publisher={Elsevier}
}

@article{auld2016polaris,
  title={POLARIS: Agent-based modeling framework development and implementation for integrated travel demand and network and operations simulations},
  author={Auld, Joshua and Hope, Michael and Ley, Hubert and Sokolov, Vadim and Xu, Bo and Zhang, Kuilin},
  journal={Transportation Research Part C: Emerging Technologies},
  volume={64},
  pages={101--116},
  year={2016},
  publisher={Elsevier}
}

% NEWWWWWWWWWWWWWWWWWWWWWWWWWW
@article{pahlheuristics2004,
  title={Heuristics to characterise human behaviour in agent based models},
  author={Pahl-Wostl, Claudia and Ebenh{\"o}h, Eva},
  journal={Complexity and Integrated Resources Management},
  pages={177},
  year={2004},
  publisher={Citeseer}
}



@article{polhill2008using,
  title={Using the ODD protocol for describing three agent-based social simulation models of land-use change},
  author={Polhill, J Gary and Parker, Dawn and Brown, Daniel and Grimm, Volker},
  journal={Journal of Artificial Societies and Social Simulation},
  volume={11},
  number={2},
  pages={3},
  year={2008}
}



@article{muller2013describing,
  title={Describing human decisions in agent-based models--ODD+ D, an extension of the ODD protocol},
  author={M{\"u}ller, Birgit and Bohn, Friedrich and Dre{\ss}ler, Gunnar and Groeneveld, J{\"u}rgen and Klassert, Christian and Martin, Romina and Schl{\"u}ter, Maja and Schulze, Jule and Weise, Hanna and Schwarz, Nina},
  journal={Environmental Modelling \& Software},
  volume={48},
  pages={37--48},
  year={2013},
  publisher={Elsevier}
}


@inproceedings{tisue2004netlogo,
  title={NetLogo: Design and implementation of a multi-agent modeling environment},
  author={Tisue, Seth and Wilensky, Uri},
  booktitle={Proceedings of agent},
  volume={2004},
  pages={7--9},
  year={2004}
}

@article{marietto2003requirements,
  title={Requirements Analysis of Agent-Based Simulation Platforms: State of the Art and New Prospects},
  author={Marietto, Maria and David, Nuno and Sichman, Jaime and Coelho, Helder},
  journal={Multi-Agent-Based Simulation II},
  pages={183--201},
  year={2003},
  publisher={Springer}
}



% VALIDATING ABMS ------------------------------
@inproceedings{song2013method,
  title={A method for simulation model validation based on Theil’s inequality coefficient and principal component analysis},
  author={Song, Jiao and Wei, Li and Ming, Yang},
  booktitle={Asian Simulation Conference},
  pages={126--135},
  year={2013},
  organization={Springer}
}


@article{carley1996validating,
  title={Validating computational models},
  author={Carley, Kathleen M},
  journal={Paper available at http://www. casos. cs. cmu. edu/publications/papers. php},
  year={1996}
}

@article{marks2007validating,
  title={Validating simulation models: a general framework and four applied examples},
  author={Marks, Robert Ernest},
  journal={Computational economics},
  volume={30},
  number={3},
  pages={265--290},
  year={2007},
  publisher={Springer}
}

@article{markstutorial,
  title={Tutorial: Validating Simulation Models, and Multi-Agent Systems in the Social Sciences CIFEr Singapore 19 April 2013},
  author={Marks, Robert E}
}

@article{marks2013validation,
  title={Validation and model selection: Three similarity measures compared},
  author={Marks, Robert E},
  journal={Complexity Economics},
  volume={2},
  number={1},
  pages={41--61},
  year={2013}
}

@article{hooshangi2018developing,
  title={Developing an Agent-Based Simulation System for Post-Earthquake Operations in Uncertainty Conditions: A Proposed Method for Collaboration among Agents},
  author={Hooshangi, Navid and Alesheikh, Ali Asghar},
  journal={ISPRS International Journal of Geo-Information},
  volume={7},
  number={1},
  pages={27},
  year={2018},
  publisher={Multidisciplinary Digital Publishing Institute}
}

@article{singh2016simulation,
  title={A simulation tool for examining the effect of communications on disaster response in the oil and gas industry},
  author={Singh, Arvind and Adams, Richelle and Dookie, Isa and Kissoon, Shiva},
  journal={IEEE Transactions on Systems, Man, and Cybernetics: Systems},
  volume={46},
  number={8},
  pages={1036--1046},
  year={2016},
  publisher={IEEE}
}

@book{wilensky2015introduction,
  title={An introduction to agent-based modeling: modeling natural, social, and engineered complex systems with NetLogo},
  author={Wilensky, Uri and Rand, William},
  year={2015},
  publisher={MIT Press}
}


@article{shen2012modeling,
  title={Modeling and simulation of stranded passengers' transferring decision-making on the basis of herd behaviors},
  author={Shen, Yang and Liu, Sifeng and Fang, Zhigeng and Hu, Mingli},
  journal={Kybernetes},
  volume={41},
  number={7/8},
  pages={963--976},
  year={2012},
  publisher={Emerald Group Publishing Limited}
}

@article{de2018agent,
  title={An Agent-Based Model of Thomas Kuhn's The Structure of Scientific Revolutions},
  author={De Langhe, Rogier},
  journal={Historical Social Research/Historische Sozialforschung},
  volume={43},
  number={1 (163},
  pages={28--47},
  year={2018},
  publisher={JSTOR}
}

@inproceedings{xiang2005verification,
  title={Verification and validation of agent-based scientific simulation models},
  author={Xiang, Xiaorong and Kennedy, Ryan and Madey, Gregory and Cabaniss, Steve},
  booktitle={Agent-directed simulation conference},
  pages={47--55},
  year={2005}
}


@article{miller1998active,
  title={Active nonlinear tests (ANTs) of complex simulation models},
  author={Miller, John H},
  journal={Management Science},
  volume={44},
  number={6},
  pages={820--830},
  year={1998},
  publisher={INFORMS}
}


@book{grimm2013individual,
  title={Individual-based modeling and ecology},
  author={Grimm, Volker and Railsback, Steven F},
  volume={8},
  year={2013},
  publisher={Princeton university press}
}


%% NEW BIBTEX  %%%%%%%%%%%%%%%%%%%%%%%%%%%%%%%%%%%%%%%%%%%%%%%%%%%%%%
%% NEW BIBTEX  %%%%%%%%%%%%%%%%%%%%%%%%%%%%%%%%%%%%%%%%%%%%%%%%%%%%%%
%% NEW BIBTEX  %%%%%%%%%%%%%%%%%%%%%%%%%%%%%%%%%%%%%%%%%%%%%%%%%%%%%%


@article{holland1992genetic,
  title={Genetic algorithms},
  author={Holland, John H},
  journal={Scientific american},
  volume={267},
  number={1},
  pages={66--73},
  year={1992},
  publisher={JSTOR}
}

@article{callahan2000game,
  title={What is the Game of Life},
  author={Callahan, Paul},
  journal={Math. com-World of Math Online, http://www. math. com/students/wonders/life/life. html},
  year={2000}
}

@misc{page2008agent,
  title={Agent-Based Models. IN DURLAUF, S. \& BLUME, L.(Eds.) The New Palgrave Dictionary of Economics. ed},
  author={Page, SE},
  year={2008},
  publisher={Palgrave Macmillan}
}

@article{page2008agent,
  title={Agent-based models},
  author={Page, Scott E},
  journal={The New Palgrave Dictionary of Economics: Volume 1--8},
  pages={47--52},
  year={2008},
  publisher={Springer}
}

@article{vicsek2002complexity,
  title={Complexity: The bigger picture},
  author={Vicsek, Tamas},
  journal={Nature},
  volume={418},
  number={6894},
  pages={131},
  year={2002},
  publisher={Nature Publishing Group}
}


@article{cederman2003modeling,
  title={Modeling the size of wars: from billiard balls to sandpiles},
  author={Cederman, Lars-Erik},
  journal={American Political science review},
  volume={97},
  number={1},
  pages={135--150},
  year={2003},
  publisher={Cambridge University Press}
}


@article{epstein2002modeling,
  title={Modeling civil violence: An agent-based computational approach},
  author={Epstein, Joshua M},
  journal={Proceedings of the National Academy of Sciences},
  volume={99},
  number={suppl 3},
  pages={7243--7250},
  year={2002},
  publisher={National Acad Sciences}
}

@article{granovetter1978threshold,
  title={Threshold models of collective behavior},
  author={Granovetter, Mark},
  journal={American journal of sociology},
  volume={83},
  number={6},
  pages={1420--1443},
  year={1978},
  publisher={University of Chicago Press}
}

@article{miller2004standing,
  title={The standing ovation problem},
  author={Miller, John H and Page, Scott E},
  journal={Complexity},
  volume={9},
  number={5},
  pages={8--16},
  year={2004},
  publisher={Wiley Online Library}
}

@article{dawkins2006selfish,
  title={The selfish gene: with a new introduction by the author},
  author={Dawkins, Richard},
  journal={UK: Oxford University Press.(Originally published in 1976)},
  year={2006}
}

@article{orr1996dennett,
  title={Dennett’s strange idea},
  author={Orr, H Allen},
  journal={Boston Review Magazine},
  volume={21},
  year={1996}
}

@book{sigmund2017games,
  title={Games of life: explorations in ecology, evolution and behavior},
  author={Sigmund, Karl},
  year={2017},
  publisher={Courier Dover Publications}
}

@book{clark1998being,
  title={Being there: Putting brain, body, and world together again},
  author={Clark, Andy},
  year={1998},
  publisher={MIT press}
}

@article{vriend2000illustration,
  title={An illustration of the essential difference between individual and social learning, and its consequences for computational analyses},
  author={Vriend, Nicolaas J},
  journal={Journal of economic dynamics and control},
  volume={24},
  number={1},
  pages={1--19},
  year={2000},
  publisher={Elsevier}
}

@article{axelrod1988further,
  title={The further evolution of cooperation},
  author={Axelrod, Robert and Dion, Douglas},
  journal={Science},
  volume={242},
  number={4884},
  pages={1385--1390},
  year={1988},
  publisher={American Association for the Advancement of Science}
}

@article{axelrod1981evolution,
  title={The evolution of cooperation},
  author={Axelrod, Robert and Hamilton, William Donald},
  journal={science},
  volume={211},
  number={4489},
  pages={1390--1396},
  year={1981},
  publisher={American Association for the Advancement of Science}
}

@article{axelrod1986evolutionary,
  title={An evolutionary approach to norms},
  author={Axelrod, Robert},
  journal={American political science review},
  volume={80},
  number={4},
  pages={1095--1111},
  year={1986},
  publisher={Cambridge University Press}
}

@article{epstein2001learning,
  title={Learning to be thoughtless: Social norms and individual computation},
  author={Epstein, Joshua M},
  journal={Computational economics},
  volume={18},
  number={1},
  pages={9--24},
  year={2001},
  publisher={Springer}
}

@article{nowak2000fairness,
  title={Fairness versus reason in the ultimatum game},
  author={Nowak, Martin A and Page, Karen M and Sigmund, Karl},
  journal={Science},
  volume={289},
  number={5485},
  pages={1773--1775},
  year={2000},
  publisher={American Association for the Advancement of Science}
}

@article{astrom2008feedback,
  title={Feedback systems},
  author={Astrom, Karl Johan and Murray, Richard M},
  journal={Princeton Univ},
  year={2008}
}

@article{tesfatsion2017elements,
  title={Elements of dynamic economic modeling: presentation and analysis},
  author={Tesfatsion, Leigh},
  journal={Eastern Economic Journal},
  volume={43},
  number={2},
  pages={192--216},
  year={2017},
  publisher={Springer}
}

@article{tesfatsion2017game,
  title={Game Theory: Basic Concepts and Terminology},
  author={Tesfatsion, Leigh},
  journal={Lecture Notes http://www2. econ. iastate. edu/classes/econ502/tesfatsion/gamedef. pdf},
  year={2017}
}

@article{cheung2002introduction,
  title={An introduction to neural networks},
  author={Cheung, Vincent and Cannons, Kevin},
  journal={Signal \& Data Compression Laboratory, Electrical \& Computer Engineering University of Manitoba, Winnipeg, Manitoba, Canada},
  year={2002}
}

@inproceedings{smart2005reinforcement,
  title={Reinforcement learning: A user’s guide},
  author={Smart, BD},
  booktitle={Tutorial at International Conference on Autonomic Computing (ICAC 2005)},
  year={2005}
}

@article{tesfatsion2007learning,
  title={Learning Algorithms: Illustrative Examples},
  author={Tesfatsion, Leigh},
  journal={Lecture Notes: Multi-Agent Economics (Econ 308)},
  year={2007}
}

@article{albin1992decentralized,
  title={Decentralized, dispersed exchange without an auctioneer: A simulation study},
  author={Albin, Peter and Foley, Duncan K},
  journal={Journal of Economic Behavior \& Organization},
  volume={18},
  number={1},
  pages={27--51},
  year={1992},
  publisher={Elsevier}
}

@article{gode1993allocative,
  title={Allocative efficiency of markets with zero-intelligence traders: Market as a partial substitute for individual rationality},
  author={Gode, Dhananjay K and Sunder, Shyam},
  journal={Journal of political economy},
  volume={101},
  number={1},
  pages={119--137},
  year={1993},
  publisher={The University of Chicago Press}
}

@article{lebaron2002building,
  title={Building the Santa Fe artificial stock market},
  author={LeBaron, Blake},
  journal={Physica A},
  year={2002}
}

@article{kollman1997political,
  title={Political institutions and sorting in a Tiebout model},
  author={Kollman, Ken and Miller, John H and Page, Scott E},
  journal={The American Economic Review},
  pages={977--992},
  year={1997},
  publisher={JSTOR}
}

@article{lansing1993emergent,
  title={Emergent properties of Balinese water temple networks: coadaptation on a rugged fitness landscape},
  author={Lansing, J Stephen and Kremer, James N},
  journal={American Anthropologist},
  volume={95},
  number={1},
  pages={97--114},
  year={1993},
  publisher={Wiley Online Library}
}

@incollection{simon1991architecture,
  title={The architecture of complexity},
  author={Simon, Herbert A},
  booktitle={Facets of systems science},
  pages={457--476},
  year={1991},
  publisher={Springer}
}

@article{kirman2001evolving,
  title={Evolving market structure: An ACE model of price dispersion and loyalty},
  author={Kirman, Alan P and Vriend, Nicolaas J},
  journal={Journal of Economic Dynamics and Control},
  volume={25},
  number={3-4},
  pages={459--502},
  year={2001},
  publisher={Elsevier}
}

@article{wilhite2001bilateral,
  title={Bilateral trade and ‘small-world’networks},
  author={Wilhite, Allen},
  journal={Computational Economics},
  volume={18},
  number={1},
  pages={49--64},
  year={2001},
  publisher={Springer}
}

@article{macy2002factors,
  title={From factors to factors: computational sociology and agent-based modeling},
  author={Macy, Michael W and Willer, Robert},
  journal={Annual review of sociology},
  volume={28},
  number={1},
  pages={143--166},
  year={2002},
  publisher={Annual Reviews 4139 El Camino Way, PO Box 10139, Palo Alto, CA 94303-0139, USA}
}

@article{tesfatsion2017modeling,
  title={Modeling economic systems as locally-constructive sequential games},
  author={Tesfatsion, Leigh},
  journal={Journal of Economic Methodology},
  volume={24},
  number={4},
  pages={384--409},
  year={2017},
  publisher={Taylor \& Francis}
}

@article{tesfatsion2009introductory,
  title={Introductory Notes on the Structural and Dynamical Analysis of Networks},
  author={Tesfatsion, Leigh and Zhou, Changsong},
  year={2009}
}

@article{yonas2013dynamic,
  title={Dynamic simulation of crime perpetration and reporting to examine community intervention strategies},
  author={Yonas, Michael A and Burke, Jessica G and Brown, Shawn T and Borrebach, Jeffrey D and Garland, Richard and Burke, Donald S and Grefenstette, John J},
  journal={Health Education \& Behavior},
  volume={40},
  number={1\_suppl},
  pages={87S--97S},
  year={2013},
  publisher={Sage Publications Sage CA: Los Angeles, CA}
}

@article{auchincloss2015brief,
  title={Brief introductory guide to agent-based modeling and an illustration from urban health research},
  author={Auchincloss, Amy H and Garcia, Leandro Martin Totaro},
  journal={Cadernos de saude publica},
  volume={31},
  pages={65--78},
  year={2015},
  publisher={SciELO Public Health}
}

@article{tracy2018agent,
  title={Agent-based modeling in public health: current applications and future directions},
  author={Tracy, Melissa and Cerd{\'a}, Magdalena and Keyes, Katherine M},
  journal={Annual review of public health},
  volume={39},
  pages={77--94},
  year={2018},
  publisher={Annual Reviews}
}

@article{williams2018lessons,
  title={Lessons learned on development and application of agent-based models of complex dynamical systems},
  author={Williams, Richard A},
  journal={Simulation Modelling Practice and Theory},
  volume={83},
  pages={201--212},
  year={2018},
  publisher={Elsevier}
}

@article{el2012social,
  title={Social network analysis and agent-based modeling in social epidemiology},
  author={El-Sayed, Abdulrahman M and Scarborough, Peter and Seemann, Lars and Galea, Sandro},
  journal={Epidemiologic Perspectives \& Innovations},
  volume={9},
  number={1},
  pages={1},
  year={2012},
  publisher={BioMed Central}
}

@article{luke2012systems,
  title={Systems science methods in public health: dynamics, networks, and agents},
  author={Luke, Douglas A and Stamatakis, Katherine A},
  journal={Annual review of public health},
  volume={33},
  pages={357--376},
  year={2012},
  publisher={Annual Reviews}
}

@article{badland2013using,
  title={Using simple agent-based modeling to inform and enhance neighborhood walkability},
  author={Badland, Hannah and White, Marcus and MacAulay, Gus and Eagleson, Serryn and Mavoa, Suzanne and Pettit, Christopher and Giles-Corti, Billie},
  journal={International journal of health geographics},
  volume={12},
  number={1},
  pages={58},
  year={2013},
  publisher={BioMed Central}
}

@article{galea2009causal,
  title={Causal thinking and complex system approaches in epidemiology},
  author={Galea, Sandro and Riddle, Matthew and Kaplan, George A},
  journal={International journal of epidemiology},
  volume={39},
  number={1},
  pages={97--106},
  year={2009},
  publisher={Oxford University Press}
}

@article{kumar2013policies,
  title={Policies to reduce influenza in the workplace: impact assessments using an agent-based model},
  author={Kumar, Supriya and Grefenstette, John J and Galloway, David and Albert, Steven M and Burke, Donald S},
  journal={American journal of public health},
  volume={103},
  number={8},
  pages={1406--1411},
  year={2013},
  publisher={American Public Health Association}
}

@article{yonas2013dynamic,
  title={Dynamic simulation of crime perpetration and reporting to examine community intervention strategies},
  author={Yonas, Michael A and Burke, Jessica G and Brown, Shawn T and Borrebach, Jeffrey D and Garland, Richard and Burke, Donald S and Grefenstette, John J},
  journal={Health Education \& Behavior},
  volume={40},
  number={1\_suppl},
  pages={87S--97S},
  year={2013},
  publisher={Sage Publications Sage CA: Los Angeles, CA}
}

@article{gallagher2017agent,
  title={Agent-based Modelling},
  author={Gallagher, Elizabeth M and Bryson, Joanna J},
  year={2017}
}

@article{rao2009modeling,
  title={Modeling and analysis of global epidemiology of avian influenza},
  author={Rao, Dhananjai M and Chernyakhovsky, Alexander and Rao, Victoria},
  journal={Environmental Modelling \& Software},
  volume={24},
  number={1},
  pages={124--134},
  year={2009},
  publisher={Elsevier}
}

@article{bersini2012uml,
  title={Uml for abm},
  author={Bersini, Hugues},
  journal={Journal of Artificial Societies and Social Simulation},
  volume={15},
  number={1},
  pages={9},
  year={2012}
}

@article{isaac2011abm,
  title={The ABM template models: A reformulation with reference implementations},
  author={Isaac, Alan G},
  journal={Journal of Artificial Societies and Social Simulation},
  volume={14},
  number={2},
  pages={5},
  year={2011}
}

@book{carleybarnett2011encyclopedia,
  title={Agent-Based Models, in Encyclopedia of Social Networks},
  author={Carley, Kathleen and Hirshman, Brian},
  volume={1},
  year={2011},
  publisher={Sage}
}

@article{de2014agent,
  title={Agent-based models},
  author={De Marchi, Scott and Page, Scott E},
  journal={Annual review of political science},
  volume={17},
  pages={1--20},
  year={2014},
  publisher={Annual Reviews}
}

@article{callahan2000game,
  title={What is the Game of Life},
  author={Callahan, Paul},
  journal={Math. com-World of Math Online, http://www. math. com/students/wonders/life/life. html},
  year={2000}
}

@article{vicsek2002complexity,
  title={Complexity: The bigger picture},
  author={Vicsek, Tamas},
  journal={Nature},
  volume={418},
  number={6894},
  pages={131},
  year={2002},
  publisher={Nature Publishing Group}
}

@article{nowak2000fairness,
  title={Fairness versus reason in the ultimatum game},
  author={Nowak, Martin A and Page, Karen M and Sigmund, Karl},
  journal={Science},
  volume={289},
  number={5485},
  pages={1773--1775},
  year={2000},
  publisher={American Association for the Advancement of Science}
}

@article{orr1996dennett,
  title={Dennett’s strange idea},
  author={Orr, H Allen},
  journal={Boston Review Magazine},
  volume={21},
  year={1996}
}

@article{jennings2001agent,
  title={An agent-based approach for building complex software systems},
  author={Jennings, Nicholas R},
  journal={Communications of the ACM},
  volume={44},
  number={4},
  pages={35--41},
  year={2001},
  publisher={ACM}
}

@article{vriend2000illustration,
  title={An illustration of the essential difference between individual and social learning, and its consequences for computational analyses},
  author={Vriend, Nicolaas J},
  journal={Journal of economic dynamics and control},
  volume={24},
  number={1},
  pages={1--19},
  year={2000},
  publisher={Elsevier}
}


@article{fehr2002altruistic,
  title={Altruistic punishment in humans},
  author={Fehr, Ernst and G{\"a}chter, Simon},
  journal={Nature},
  volume={415},
  number={6868},
  pages={137},
  year={2002},
  publisher={Nature Publishing Group}
}

@article{nowbahari2010rescue,
  title={Rescue behavior: Distinguishing between rescue, cooperation and other forms of altruistic behavior},
  author={Nowbahari, Elise and Hollis, Karen L},
  journal={Communicative \& integrative biology},
  volume={3},
  number={2},
  pages={77--79},
  year={2010},
  publisher={Taylor \& Francis}
}

@article{fehr2003nature,
  title={The nature of human altruism},
  author={Fehr, Ernst and Fischbacher, Urs},
  journal={Nature},
  volume={425},
  number={6960},
  pages={785},
  year={2003},
  publisher={Nature Publishing Group}
}

@article{gintis2003explaining,
  title={Explaining altruistic behavior in humans},
  author={Gintis, Herbert and Bowles, Samuel and Boyd, Robert and Fehr, Ernst},
  journal={Evolution and human Behavior},
  volume={24},
  number={3},
  pages={153--172},
  year={2003},
  publisher={Elsevier}
}

@article{he2018evolution,
  title={The evolution of cooperation in signed networks under the impact of structural balance},
  author={He, Xiaochen and Du, Haifeng and Cai, Meng and Feldman, Marcus W},
  journal={PloS one},
  volume={13},
  number={10},
  pages={e0205084},
  year={2018},
  publisher={Public Library of Science}
}

@article{fehr2004social,
  title={Social norms and human cooperation},
  author={Fehr, Ernst and Fischbacher, Urs},
  journal={Trends in cognitive sciences},
  volume={8},
  number={4},
  pages={185--190},
  year={2004},
  publisher={Elsevier}
}

@article{wu2018environment,
  title={Environment-based preference selection promotes cooperation in spatial prisoner’s dilemma game},
  author={Wu, Yu’e and Zhang, Shuhua and Zhang, Zhipeng},
  journal={Scientific reports},
  volume={8},
  year={2018},
  publisher={Nature Publishing Group}
}

@article{wang2011special,
  title={Special agents can promote cooperation in the population},
  author={Wang, Xin and Han, Jing and Han, Huawei},
  journal={PloS one},
  volume={6},
  number={12},
  pages={e29182},
  year={2011},
  publisher={Public Library of Science}
}

@article{harper2017reinforcement,
  title={Reinforcement learning produces dominant strategies for the Iterated Prisoner’s Dilemma},
  author={Harper, Marc and Knight, Vincent and Jones, Martin and Koutsovoulos, Georgios and Glynatsi, Nikoleta E and Campbell, Owen},
  journal={PloS one},
  volume={12},
  number={12},
  pages={e0188046},
  year={2017},
  publisher={Public Library of Science}
}

@article{capraro2013model,
  title={A model of human cooperation in social dilemmas},
  author={Capraro, Valerio},
  journal={PLoS One},
  volume={8},
  number={8},
  pages={e72427},
  year={2013},
  publisher={Public Library of Science}
}

@article{zhang2011evolution,
  title={Evolution of interactions and cooperation in the spatial prisoner's dilemma game},
  author={Zhang, Chunyan and Zhang, Jianlei and Xie, Guangming and Wang, Long and Perc, Matja{\v{z}}},
  journal={PloS one},
  volume={6},
  number={10},
  pages={e26724},
  year={2011},
  publisher={Public Library of Science}
}

@article{garcia2011special,
  title={From the Special Issue Editors: Agent-Based Modeling of Innovation Diffusion},
  author={Garcia, Rosanna and Jager, Wander},
  journal={Journal of Product Innovation Management},
  volume={28},
  number={2},
  pages={148--151},
  year={2011},
  publisher={Wiley Online Library}
}

% ABMS TOOLS ————————————————————————————————————————————————————
@article{abar2017agent,
  title={Agent based modelling and simulation tools: a review of the state-of-art software},
  author={Abar, Sameera and Theodoropoulos, Georgios K and Lemarinier, Pierre and O’Hare, Gregory MP},
  journal={Computer Science Review},
  volume={24},
  pages={13--33},
  year={2017},
  publisher={Elsevier}
}

@book{allan2010survey,
  title={Survey of agent based modelling and simulation tools},
  author={Allan, Robert John},
  year={2010},
  publisher={Science \& Technology Facilities Council}
}

@article{kravari2015survey,
  title={A survey of agent platforms},
  author={Kravari, Kalliopi and Bassiliades, Nick},
  journal={Journal of Artificial Societies and Social Simulation},
  volume={18},
  number={1},
  pages={11},
  year={2015}
}

@article{nikolai2009tools,
  title={Tools of the trade: A survey of various agent based modeling platforms},
  author={Nikolai, Cynthia and Madey, Gregory},
  journal={Journal of Artificial Societies and Social Simulation},
  volume={12},
  number={2},
  pages={2},
  year={2009}
}

@article{railsback2006agent,
  title={Agent-based simulation platforms: Review and development recommendations},
  author={Railsback, Steven F and Lytinen, Steven L and Jackson, Stephen K},
  journal={Simulation},
  volume={82},
  number={9},
  pages={609--623},
  year={2006},
  publisher={Sage Publications Sage CA: Thousand Oaks, CA}
}

@article{theodoropoulos2009simulation,
  title={Simulation engines for multi-agent systems},
  author={Theodoropoulos, Georgios and Minson, Rob and Ewald, Roland and Lees, Michael},
  journal={Multi-Agent Systems: Simulation and Applications”, edited by Adelinde M. Uhrmacher and Danny Weyns (Editors), Publisher: Taylor and Fran-cis. ISBN},
  volume={1779537239},
  pages={77--108},
  year={2009}
}

@article{rousset2016survey,
  title={A survey on parallel and distributed multi-agent systems for high performance computing simulations},
  author={Rousset, Alban and Herrmann, B{\'e}n{\'e}dicte and Lang, Christophe and Philippe, Laurent},
  journal={Computer Science Review},
  volume={22},
  pages={27--46},
  year={2016},
  publisher={Elsevier}
}

@article{bordini2006survey,
  title={A survey of programming languages and platforms for multi-agent systems},
  author={Bordini, Rafael H and Braubach, Lars and Dastani, Mehdi and Seghrouchni, A El F and Gomez-Sanz, Jorge J and Leite, Joao and O'Hare, Gregory and Pokahr, Alexander and Ricci, Alessandro},
  journal={Informatica},
  volume={30},
  number={1},
  year={2006}
}

@article{axtell2006platforms,
  title={Platforms for Agent-Based Computational Economics},
  author={Axtell, R},
  journal={Presentation, VII Trento Summer School},
  year={2006}
}

@article{gilbert2002platforms,
  title={Platforms and methods for agent-based modeling},
  author={Gilbert, Nigel and Bankes, Steven},
  journal={Proceedings of the National Academy of Sciences},
  volume={99},
  number={suppl 3},
  pages={7197--7198},
  year={2002},
  publisher={National Acad Sciences}
}

@inproceedings{lytinen2012evolution,
  title={The evolution of agent-based simulation platforms: a review of NetLogo 5.0 and ReLogo},
  author={Lytinen, Steven L and Railsback, Steven F},
  booktitle={Proceedings of the fourth international symposium on agent-based modeling and simulation},
  pages={19},
  year={2012}
}

@inproceedings{tisue2004netlogo,
  title={NetLogo: Design and implementation of a multi-agent modeling environment},
  author={Tisue, Seth and Wilensky, Uri},
  booktitle={Proceedings of agent},
  volume={2004},
  pages={7--9},
  year={2004}
}



%————————————————————————————————————— ABM DESIGN GUIDELINES
@article{rand2011agent,
  title={Agent-based modeling in marketing: Guidelines for rigor},
  author={Rand, William and Rust, Roland T},
  journal={International Journal of Research in Marketing},
  volume={28},
  number={3},
  pages={181--193},
  year={2011},
  publisher={Elsevier}
}

@article{grimm2010odd,
  title={The ODD protocol: a review and first update},
  author={Grimm, Volker and Berger, Uta and DeAngelis, Donald L and Polhill, J Gary and Giske, Jarl and Railsback, Steven F},
  journal={Ecological modelling},
  volume={221},
  number={23},
  pages={2760--2768},
  year={2010},
  publisher={Elsevier}
}

@incollection{grimm2017documenting,
  title={Documenting social simulation models: The ODD protocol as a standard},
  author={Grimm, Volker and Polhill, Gary and Touza, Julia},
  booktitle={Simulating Social Complexity},
  pages={349--365},
  year={2017},
  publisher={Springer}
}

@article{grimm2006standard,
  title={A standard protocol for describing individual-based and agent-based models},
  author={Grimm, Volker and Berger, Uta and Bastiansen, Finn and Eliassen, Sigrunn and Ginot, Vincent and Giske, Jarl and Goss-Custard, John and Grand, Tamara and Heinz, Simone K and Huse, Geir and others},
  journal={Ecological modelling},
  volume={198},
  number={1-2},
  pages={115--126},
  year={2006},
  publisher={Elsevier}
}

@book{grimm2005individual,
  title={Individual-based modeling and ecology},
  author={Grimm, Volker and Railsback, Steven F},
  year={2005},
  publisher={Princeton university press}
}

@article{bersini2012uml,
  title={Uml for abm},
  author={Bersini, Hugues},
  journal={Journal of Artificial Societies and Social Simulation},
  volume={15},
  number={1},
  pages={9},
  year={2012}
}

@article{isaac2011abm,
  title={The ABM template models: A reformulation with reference implementations},
  author={Isaac, Alan G},
  journal={Journal of Artificial Societies and Social Simulation},
  volume={14},
  number={2},
  pages={5},
  year={2011}
}

@article{thiele2014facilitating,
  title={Facilitating parameter estimation and sensitivity analysis of agent-based models: A cookbook using NetLogo and R},
  author={Thiele, Jan C and Kurth, Winfried and Grimm, Volker},
  journal={Journal of Artificial Societies and Social Simulation},
  volume={17},
  number={3},
  pages={11},
  year={2014}
}

@article{williams2018lessons,
  title={Lessons learned on development and application of agent-based models of complex dynamical systems},
  author={Williams, Richard A},
  journal={Simulation Modelling Practice and Theory},
  volume={83},
  pages={201--212},
  year={2018},
  publisher={Elsevier}
}

@article{railsback2017improving,
  title={Improving execution speed of models implemented in netLogo},
  author={Railsback, Steven and Ayll{\'o}n, Daniel and Berger, Uta and Grimm, Volker and Lytinen, Steven and Sheppard, Colin and Thiele, Jan},
  journal={Journal of Artificial Societies and Social Simulation},
  volume={20},
  number={1},
  year={2017}
}

@article{pahl2004heuristics,
  title={Heuristics to characterise human behaviour in agent based models},
  author={Pahl-Wostl, Claudia and Ebenh{\"o}h, Eva},
  year={2004}
}

@article{grimm2005pattern,
  title={Pattern-oriented modeling of agent-based complex systems: lessons from ecology},
  author={Grimm, Volker and Revilla, Eloy and Berger, Uta and Jeltsch, Florian and Mooij, Wolf M and Railsback, Steven F and Thulke, Hans-Hermann and Weiner, Jacob and Wiegand, Thorsten and DeAngelis, Donald L},
  journal={science},
  volume={310},
  number={5750},
  pages={987--991},
  year={2005},
  publisher={American Association for the Advancement of Science}
}

@article{richiardi2006common,
  title={A common protocol for agent-based social simulation},
  author={Richiardi, Matteo and Leombruni, Roberto and Saam, Nicole and Sonnessa, Michele},
  journal={Journal of Artificial Societies and Social Simulation},
  volume={9},
  number={1},
  year={2006}
}

@inproceedings{borshchev2004system,
  title={From system dynamics and discrete event to practical agent based modeling: reasons, techniques, tools},
  author={Borshchev, Andrei and Filippov, Alexei},
  booktitle={Proceedings of the 22nd international conference of the system dynamics society},
  volume={22},
  year={2004},
  organization={Citeseer}
}

@book{gimblett2002integrating,
  title={Integrating geographic information systems and agent-based modeling techniques for simulating social and ecological processes},
  author={Gimblett, H Randy},
  year={2002},
  publisher={Oxford University Press}
}

@article{heath2009survey,
  title={A survey of agent-based modeling practices (January 1998 to July 2008)},
  author={Heath, Brian and Hill, Raymond and Ciarallo, Frank},
  journal={Journal of Artificial Societies and Social Simulation},
  volume={12},
  number={4},
  pages={9},
  year={2009}
}

@inproceedings{xiang2005verification,
  title={Verification and validation of agent-based scientific simulation models},
  author={Xiang, Xiaorong and Kennedy, Ryan and Madey, Gregory and Cabaniss, Steve},
  booktitle={Agent-directed simulation conference},
  pages={47--55},
  year={2005}
}

@article{niazi2017verification,
  title={Verification \& validation of agent based simulations using the VOMAS (virtual overlay multi-agent system) approach},
  author={Niazi, Muaz A and Hussain, Amir and Kolberg, Mario},
  journal={arXiv preprint arXiv:1708.02361},
  year={2017}
}

@article{pavon2006agent,
  title={Agent based Modeling of Social Systems.},
  author={Pav{\'o}n, Juan and Sansores, Candelaria E and G{\'o}mez-Sanz, Jorge J},
  journal={EUMAS},
  volume={223},
  year={2006}
}

@inproceedings{li2008agent,
  title={Agent-based social simulation and modeling in social computing},
  author={Li, Xiaochen and Mao, Wenji and Zeng, Daniel and Wang, Fei-Yue},
  booktitle={International Conference on Intelligence and Security Informatics},
  pages={401--412},
  year={2008},
  organization={Springer}
}

@book{sayama2015introduction,
  title={Introduction to the modeling and analysis of complex systems},
  author={Sayama, Hiroki},
  year={2015},
  publisher={Open SUNY Textbooks}
}

@book{kohler2000dynamics,
  title={Dynamics in human and primate societies: Agent-based modeling of social and spatial processes},
  author={Kohler, Timothy A and Gumerman, George G},
  year={2000},
  publisher={Oxford University Press}
}










%————————————————————— ———————————————— EVACUATION INDICATOR
@article{medina2016should,
  title={Should I stay or should I go? Determinants of evacuation upon flood warning among households in a flood prone area in Bukidnon, Philippines},
  author={Medina, Michael Arieh P and Moraca, Jackielyn M},
  journal={International Letters of Natural Sciences},
  volume={50},
  year={2016},
  publisher={-}
}

@article{lim2016household,
  title={A household-level flood evacuation decision model in Quezon City, Philippines},
  author={Lim, Ma Bernadeth B and Lim, Hector R and Piantanakulchai, Mongkut and Uy, Francis Aldrine},
  journal={Natural Hazards},
  volume={80},
  number={3},
  pages={1539--1561},
  year={2016},
  publisher={Springer}
}

@article{dash2007evacuation,
  title={Evacuation decision making and behavioral responses: Individual and household},
  author={Dash, Nicole and Gladwin, Hugh},
  journal={Natural Hazards Review},
  volume={8},
  number={3},
  pages={69--77},
  year={2007},
  publisher={American Society of Civil Engineers}
}

@article{perry1979evacuation,
  title={Evacuation decision-making in natural disasters},
  author={Perry, Ronald W},
  journal={Mass emergencies},
  volume={4},
  number={1},
  pages={25--38},
  year={1979}
}

@article{baker1991hurricane,
  title={Hurricane evacuation behavior},
  author={Baker, Earl J},
  journal={International journal of mass emergencies and disasters},
  volume={9},
  number={2},
  pages={287--310},
  year={1991}
}

@article{lim2016determinants,
  title={Determinants of household flood evacuation mode choice in a developing country},
  author={Lim, Hector R and Lim, Ma Bernadeth B and Piantanakulchai, Mongkut},
  journal={Natural Hazards},
  volume={84},
  number={1},
  pages={507--532},
  year={2016},
  publisher={Springer}
}

@article{dow1998crying,
  title={Crying wolf: Repeat responses to hurricane evacuation orders},
  author={Dow, Kirstin and Cutter, Susan L},
  year={1998},
  publisher={Taylor \& Francis}
}

@article{stephens2009did,
  title={Why did they “choose” to stay? Perspectives of Hurricane Katrina observers and survivors},
  author={Stephens, Nicole M and Hamedani, MarYam G and Markus, Hazel Rose and Bergsieker, Hilary B and Eloul, Liyam},
  journal={Psychological Science},
  volume={20},
  number={7},
  pages={878--886},
  year={2009},
  publisher={SAGE Publications Sage CA: Los Angeles, CA}
}

@article{delica1998balancing,
  title={Balancing vulnerability and capacity: women and children in the Philippines},
  author={Delica, Zenaida G},
  journal={The gendered terrain of disaster: Through women’s eyes. Praeger Publishers, Westport, Connecticut and London},
  year={1998}
}

%————————————————————————————————————————— 

%——————————————————————————————————— —————— ——— RESILIENCY

% Bollettino, V., Alcayna, T., Enriquez, K., & Vinck, P. (2018) Perceptions of disaster resilience
% and preparedness in the Philippines. Harvard Humanitarian Initiative, Harvard University.
% Available Online : http://www.hhi.harvard.edu

% Philippines Disaster Management Reference Handbook,  March 2018, Center for Excellence in Disaster Management & Humanitarian Assistance, Hawaii, Available Online: https://www.cfe-dmha.org/LinkClick.aspx?fileticket=nZpxHvsFZqA%3d&portalid=0

% https://lga.gov.ph/media/uploads/2/Publications%20PDF/Book/LGA-OL-Checklist-for-Early-Preparations-for-Mayors.pdf

% https://lga.gov.ph/media/uploads/2/Publications%20PDF/Book/LGA-OL-Checklist-for-MLGOOs-COPs-and-FMs.pdf

% https://lga.gov.ph/media/uploads/2/Publications%20PDF/Book/LGA-OL-Critical-Preparations-for-Mayors.pdf

% http://www.pnp.gov.ph/images/manualsandguides/DPCR/PNP-Disaster-Response-Handbook.pdf

% http://bfp.gov.ph/wp-content/uploads/2015/09/BFP-Operational-Procedures-Manual.pdf

% https://www.officialgazette.gov.ph/laginghanda/the-philippine-public-storm-warning-signals/

% https://www.officialgazette.gov.ph/laginghanda/mga-paalala-ukol-sa-baha/

% http://bagong.pagasa.dost.gov.ph/learning-tools/public-storm-warning-signal



% ———————————————————————————-————————————————— ABMS BOOKS
@book{terano2006agent,
  title={Agent-Based Simulation: From Modeling Methodologies to Real-World Applications: Post Proceedings of the Third International Workshop on Agent-Based Approaches in Economic and Social Complex Systems 2004},
  author={Terano, Takao and Kita, Hajime and Kaneda, Toshiyuki and Arai, Kiyoshi and Deguchi, Hiroshi},
  volume={1},
  year={2006},
  publisher={Springer Science \& Business Media}
}

@book{siegfried2014modeling,
  title={Modeling and simulation of complex systems: A framework for efficient agent-based modeling and simulation},
  author={Siegfried, Robert},
  year={2014},
  publisher={Springer}
}


@book{axelrod1997complexity,
  title={The complexity of cooperation: Agent-based models of competition and collaboration},
  author={Axelrod, Robert},
  volume={3},
  year={1997},
  publisher={Princeton University Press}
}

@article{axelrod1981evolution,
  title={The evolution of cooperation},
  author={Axelrod, Robert and Hamilton, William Donald},
  journal={science},
  volume={211},
  number={4489},
  pages={1390--1396},
  year={1981},
  publisher={American Association for the Advancement of Science}
}

@book{gilbert2006artificial,
  title={Artificial societies: The computer simulation of social life},
  author={Gilbert, Nigel and Conte, Rosaria and others},
  year={2006},
  publisher={Routledge}
}

@book{edmonds2015simulating,
  title={Simulating social complexity},
  author={Edmonds, Bruce and Meyer, Ruth},
  year={2015},
  publisher={Springer}
}

@book{taylor2014agent,
  title={Agent-based modeling and simulation},
  author={Taylor, Simon},
  year={2014},
  publisher={Springer}
}

% GILBERT, N., ABMS

@book{ossowski1999co,
  title={Co-ordination in artificial agent societies: social structures and its implications for autonomous problem-solving agents},
  author={Ossowski, Sascha},
  year={1999},
  publisher={Springer-Verlag}
}

@book{iba2013agent,
  title={Agent-based modeling and simulation with Swarm},
  author={Iba, Hitoshi},
  year={2013},
  publisher={Chapman and Hall/CRC}
}

@book{gimblett2002integrating,
  title={Integrating geographic information systems and agent-based modeling techniques for simulating social and ecological processes},
  author={Gimblett, H Randy},
  year={2002},
  publisher={Oxford University Press}
}

@book{epstein1996growing,
  title={Growing artificial societies: social science from the bottom up},
  author={Epstein, Joshua M and Axtell, Robert},
  year={1996},
  publisher={Brookings Institution Press}
}

@book{mitchell2009complexity,
  title={Complexity: A guided tour},
  author={Mitchell, Melanie},
  year={2009},
  publisher={Oxford University Press}
}

@book{uhrmacher2009multi,
  title={Multi-Agent systems: Simulation and applications},
  author={Uhrmacher, Adelinde M and Weyns, Danny},
  year={2009},
  publisher={CRC press}
}

@book{zhang2012computational,
  title={Computational Ecology: Graphs, Networks and Agent-based Modeling},
  author={Zhang, WenJun},
  year={2012},
  publisher={World Scientific}
}


%HELBING---------------------



%HELBING---------------------



@incollection{helbing2012self,
  title={Self-organization in pedestrian crowds},
  author={Helbing, Dirk},
  booktitle={Social Self-Organization},
  pages={71--99},
  year={2012},
  publisher={Springer}
}

@book{sayama2015introduction,
  title={Introduction to the modeling and analysis of complex systems},
  author={Sayama, Hiroki},
  year={2015},
  publisher={Open SUNY Textbooks}
}

@book{bellomo2008modeling,
  title={Modeling complex living systems: a kinetic theory and stochastic game approach},
  author={Bellomo, Nicola},
  year={2008},
  publisher={Springer Science \& Business Media}
}

@book{zhang2015selforganizology,
  title={Selforganizology: The Science of Self-Organization},
  author={Zhang, WenJun},
  year={2015},
  publisher={World Scientific}
}

@book{hokamp2018agent,
  title={Agent-based Modeling of Tax Evasion: Theoretical Aspects and Computational Simulations},
  author={Hokamp, Sascha and Gulyas, Laszlo and Koehler, Matthew and Wijesinghe, Sanith},
  year={2018},
  publisher={John Wiley \& Sons}
}

@book{alonso2017agent,
  title={Agent-Based Modeling of Sustainable Behaviors},
  author={Alonso-Betanzos, Amparo and S{\'a}nchez-Maro{\~n}o, Noelia and Fontenla-Romero, Oscar and Polhill, J Gary and Craig, Tony and Bajo, Javier and Corchado, Juan Manuel},
  year={2017},
  publisher={Springer}
}

@book{van2012agent,
  title={Agent-based modelling of socio-technical systems},
  author={Van Dam, Koen H and Nikolic, Igor and Lukszo, Zofia},
  volume={9},
  year={2012},
  publisher={Springer Science \& Business Media}
}

@book{banos2015agent,
  title={Agent-based spatial simulation with NetLogo},
  author={Banos, Arnaud and Lang, Christophe and Marilleau, Nicolas},
  volume={1},
  year={2015},
  publisher={Elsevier}
}

@book{kirman2012economics,
  title={Economics with heterogeneous interacting agents},
  author={Kirman, Alan and Zimmermann, Jean-Beno{\^\i}t},
  volume={503},
  year={2012},
  publisher={Springer Science \& Business Media}
}

@book{epstein2006generative,
  title={Generative social science: Studies in agent-based computational modeling},
  author={Epstein, Joshua M},
  year={2006},
  publisher={Princeton University Press}
}

@article{thiele2014r,
  title={R marries NetLogo: introduction to the RNetLogo package},
  author={Thiele, Jan C},
  journal={Journal of Statistical Software},
  volume={58},
  number={2},
  pages={1--41},
  year={2014}
}

@book{de2005computational,
  title={Computational and mathematical modeling in the social sciences},
  author={De Marchi, Scott and De Marchi, Serge},
  year={2005},
  publisher={Cambridge University Press}
}

@book{epstein2014agent_zero,
  title={Agent\_zero: Toward neurocognitive foundations for generative social science},
  author={Epstein, Joshua M},
  volume={25},
  year={2014},
  publisher={Princeton University Press}
}

@book{downey2018think,
  title={Think complexity: complexity science and computational modeling},
  author={Downey, Allen},
  year={2018},
  publisher={" O'Reilly Media, Inc."}
}

@book{bajo2015trends,
  title={Trends in Practical Applications of Agents, Multi-Agent Systems and Sustainability: The PAAMS Collection},
  author={Bajo, Javier and Hern{\'a}ndez, Josefa Z and Mathieu, Philippe and Campbell, Andrew and Fern{\'a}ndez-Caballero, Antonio and Moreno, Mar{\'\i}a N and Juli{\'a}n, Vicente and Alonso-Betanzos, Amparo and Jim{\'e}nez-L{\'o}pez, Mar{\'\i}a Dolores and Botti, Vicente},
  volume={372},
  year={2015},
  publisher={Springer}
}

@book{silverman2018methodological,
  title={Methodological Investigations in Agent-Based Modelling: With Applications for the Social Sciences},
  author={Silverman, Eric},
  volume={13},
  year={2018},
  publisher={Springer}
}

@book{mittal2018emergent,
  title={Emergent behavior in complex systems engineering: a modeling and simulation approach},
  author={Mittal, Saurabh and Diallo, Saikou and Tolk, Andreas},
  year={2018},
  publisher={John Wiley \& Sons}
}

@book{bellomo2013complex,
  title={Complex systems and society: Modeling and simulation},
  author={Bellomo, Nicola and Marsan, Giulia Ajmone and Tosin, Andrea},
  year={2013},
  publisher={Springer}
}

@incollection{van2017introduction,
  title={Introduction: Agent-based modelling as a tool to advance evolutionary population theory},
  author={Van Bavel, Jan and Grow, Andr{\'e}},
  booktitle={Agent-based modelling in population studies},
  pages={3--27},
  year={2017},
  publisher={Springer}
}

@article{axelrod2006appendix,
  title={Appendix AA guide for newcomers to agent-based modeling in the social sciences},
  author={Axelrod, Robert and Tesfatsion, Leigh},
  journal={Handbook of computational economics},
  volume={2},
  pages={1647--1659},
  year={2006},
  publisher={Elsevier}
}

@article{fiedrich2007agent,
  title={Agent-based systems for disaster management},
  author={Fiedrich, Frank and Burghardt, Paul},
  journal={Communications of the ACM},
  volume={50},
  number={3},
  pages={41--42},
  year={2007},
  publisher={ACM}
}

@book{shiflet2014introduction,
  title={Introduction to computational science: modeling and simulation for the sciences},
  author={Shiflet, Angela B and Shiflet, George W},
  year={2014},
  publisher={Princeton University Press}
}

@inproceedings{shiflet2014introductionarticle,
  title={An Introduction to Agent-based Modeling for Undergraduates.},
  author={Shiflet, Angela B and Shiflet, George W},
  booktitle={ICCS},
  pages={1392--1402},
  year={2014}
}


%———————————————————————————————— ABMS BOOKS

@article{borrill201111,
  title={11 Agent-based modeling: the right mathematics for the social sciences?'},
  author={Borrill, Paul L and Tesfatsion, Leigh},
  journal={The Elgar companion to recent economic methodology},
  volume={228},
  year={2011}
}
%Cited by 92

@article{tesfatsion2002agent,
  title={Agent-based computational economics: Growing economies from the bottom up},
  author={Tesfatsion, Leigh},
  journal={Artificial life},
  volume={8},
  number={1},
  pages={55--82},
  year={2002},
  publisher={MIT Press}
}

@article{macal2016everything,
  title={Everything you need to know about agent-based modelling and simulation},
  author={Macal, Charles M},
  journal={Journal of Simulation},
  volume={10},
  number={2},
  pages={144--156},
  year={2016},
  publisher={Taylor \& Francis}
}

@article{macal2010tutorial,
  title={Tutorial on agent-based modelling and simulation},
  author={Macal, Charles M and North, Michael J},
  journal={Journal of simulation},
  volume={4},
  number={3},
  pages={151--162},
  year={2010},
  publisher={Taylor \& Francis}
}

@inproceedings{macal2005tutorial,
  title={Tutorial on agent-based modeling and simulation},
  author={Macal, Charles M and North, Michael J},
  booktitle={Simulation conference, 2005 proceedings of the winter},
  pages={14--pp},
  year={2005},
  organization={IEEE}
}

@inproceedings{macal2014introductory,
  title={Introductory tutorial: Agent-based modeling and simulation},
  author={Macal, Charles and North, Michael},
  booktitle={Proceedings of the 2014 winter simulation conference},
  pages={6--20},
  year={2014},
  organization={IEEE Press}
}
%Cited by 102 .-------------------->> GREAT!!!


@inproceedings{macal2007agent,
  title={Agent-based modeling and simulation: Desktop ABMS},
  author={Macal, Charles M and North, Michael J},
  booktitle={Simulation Conference, 2007 Winter},
  pages={95--106},
  year={2007},
  organization={IEEE}
}

@book{railsback2011agent,
  title={Agent-based and individual-based modeling: a practical introduction},
  author={Railsback, Steven F and Grimm, Volker},
  year={2011},
  publisher={Princeton university press}
}

@article{heath2009survey,
  title={A survey of agent-based modeling practices (January 1998 to July 2008)},
  author={Heath, Brian and Hill, Raymond and Ciarallo, Frank},
  journal={Journal of Artificial Societies and Social Simulation},
  volume={12},
  number={4},
  pages={9},
  year={2009}
}

@article{janssen2006empirically,
  title={Empirically based, agent-based models},
  author={Janssen, Marco A and Ostrom, Elinor},
  journal={Ecology and society},
  volume={11},
  number={2},
  year={2006},
  publisher={JSTOR}
}

@article{helbing2011agent,
  title={How to do agent based simulations in the future},
  author={Helbing, D and Balietti, S},
  journal={H. Dirk, \& S. Balietti, Modeling Social Mechanisms to Emergent Phenomena and Interactive Systems Design. SFI Working Paper. Retrieved},
  volume={10},
  number={25},
  pages={2013},
  year={2011}
}

@incollection{helbing2012agent,
  title={Agent-based modeling},
  author={Helbing, Dirk},
  booktitle={Social self-organization},
  pages={25--70},
  year={2012},
  publisher={Springer}
}


@article{gilbert2000build,
  title={How to build and use agent-based models in social science},
  author={Gilbert, Nigel and Terna, Pietro},
  journal={Mind \& Society},
  volume={1},
  number={1},
  pages={57--72},
  year={2000},
  publisher={Springer}
}

@book{downey2018think,
  title={Think complexity: complexity science and computational modeling},
  author={Downey, Allen},
  year={2018},
  publisher={" O'Reilly Media, Inc."}
}

@article{castiglione2006agent,
  title={Agent based modeling},
  author={Castiglione, Filippo},
  journal={Scholarpedia},
  volume={1},
  number={10},
  pages={1562},
  year={2006}
}
%Cited by 35

@article{carley2002computational,
  title={Computational organizational science and organizational engineering},
  author={Carley, Kathleen M},
  journal={Simulation Modelling Practice and Theory},
  volume={10},
  number={5-7},
  pages={253--269},
  year={2002},
  publisher={Elsevier}
}

@article{bandini2009agent,
  title={Agent based modeling and simulation: an informatics perspective},
  author={Bandini, Stefania and Manzoni, Sara and Vizzari, Giuseppe},
  journal={Journal of Artificial Societies and Social Simulation},
  volume={12},
  number={4},
  pages={4},
  year={2009}
}

@article{bonabeau2002agent,
  title={Agent-based modeling: Methods and techniques for simulating human systems},
  author={Bonabeau, Eric},
  journal={Proceedings of the National Academy of Sciences},
  volume={99},
  number={suppl 3},
  pages={7280--7287},
  year={2002},
  publisher={National Acad Sciences}
}

@article{bankes2002agent,
  title={Agent-based modeling: A revolution?},
  author={Bankes, Steven C},
  journal={Proceedings of the National Academy of Sciences},
  volume={99},
  number={suppl 3},
  pages={7199--7200},
  year={2002},
  publisher={National Acad Sciences}
}


%———————————————————————————————————— PRISONER’S DILEMMA —————————————————————————— 
@article{axelrod1981evolution,
  title={The evolution of cooperation},
  author={Axelrod, Robert and Hamilton, William Donald},
  journal={science},
  volume={211},
  number={4489},
  pages={1390--1396},
  year={1981},
  publisher={American Association for the Advancement of Science}
}

@article{nowak2006five,
  title={Five rules for the evolution of cooperation},
  author={Nowak, Martin A},
  journal={science},
  volume={314},
  number={5805},
  pages={1560--1563},
  year={2006},
  publisher={American Association for the Advancement of Science}
}

@article{ohtsuki2018evolutionary,
  title={Evolutionary Dynamics of Coordinated Cooperation},
  author={Ohtsuki, Hisashi},
  journal={Frontiers in Ecology and Evolution},
  volume={6},
  pages={62},
  year={2018},
  publisher={Frontiers}
}

@inproceedings{consoli2006link,
  title={The link between agent coordination and cooperation},
  author={Consoli, Angela and Tweedale, Jeffrey and Jain, Lakhmi},
  booktitle={International Conference on Intelligent Information Processing},
  pages={11--19},
  year={2006},
  organization={Springer}
}

@article{nay2016predicting,
  title={Predicting human cooperation},
  author={Nay, John J and Vorobeychik, Yevgeniy},
  journal={PloS one},
  volume={11},
  number={5},
  pages={e0155656},
  year={2016},
  publisher={Public Library of Science}
}

@book{gillinson2004cooperate,
  title={Why Cooperate?: A Multi-disciplinary Study of Collective Action},
  author={Gillinson, Sarah},
  year={2004},
  publisher={Overseas Development Institute London}
}

@inproceedings{immorlica2010cooperation,
  title={Cooperation in anonymous dynamic social networks},
  author={Immorlica, Nicole and Lucier, Brendan and Rogers, Brian},
  booktitle={Proceedings of the 11th ACM conference on Electronic commerce},
  pages={241--242},
  year={2010},
  organization={ACM}
}

@InCollection{sep-prisoner-dilemma,
	author       =	{Kuhn, Steven},
	title        =	{Prisoner's Dilemma},
	booktitle    =	{The Stanford Encyclopedia of Philosophy},
	editor       =	{Edward N. Zalta},
	howpublished =	{\url{https://plato.stanford.edu/archives/spr2017/entries/prisoner-dilemma/}},
	year         =	{2017},
	edition      =	{Spring 2017},
	publisher    =	{Metaphysics Research Lab, Stanford University}
}


@book{kirman2012economics,
  title={Economics with heterogeneous interacting agents},
  author={Kirman, Alan and Zimmermann, Jean-Beno{\^\i}t},
  volume={503},
  year={2012},
  publisher={Springer Science \& Business Media}
}

@article{zhang2011evolution,
  title={Evolution of interactions and cooperation in the spatial prisoner's dilemma game},
  author={Zhang, Chunyan and Zhang, Jianlei and Xie, Guangming and Wang, Long and Perc, Matja{\v{z}}},
  journal={PloS one},
  volume={6},
  number={10},
  pages={e26724},
  year={2011},
  publisher={Public Library of Science}
}

@article{ashlock1996preferential,
  title={Preferential partner selection in an evolutionary study of prisoner's dilemma},
  author={Ashlock, Dan and Smucker, Mark D and Stanley, E Ann and Tesfatsion, Leigh},
  journal={BioSystems},
  volume={37},
  number={1-2},
  pages={99--125},
  year={1996},
  publisher={Elsevier}
}

@article{dijkstra2017explaining,
  title={Explaining cooperation in the finitely repeated simultaneous and sequential prisoner’s dilemma game under incomplete and complete information},
  author={Dijkstra, Jacob and van Assen, Marcel ALM},
  journal={The Journal of Mathematical Sociology},
  volume={41},
  number={1},
  pages={1--25},
  year={2017},
  publisher={Taylor \& Francis}
}

@article{nowbahari2010rescue,
  title={Rescue behavior: Distinguishing between rescue, cooperation and other forms of altruistic behavior},
  author={Nowbahari, Elise and Hollis, Karen L},
  journal={Communicative \& Integrative Biology},
  volume={3},
  number={2},
  pages={77--79},
  year={2010},
  publisher={Taylor \& Francis}
}

% ————————————————————————— INTRODUCTION and DRRM ———————————————— 
% Bollettino, V., Alcayna, T., Enriquez, K., & Vinck, P. (2018) Perceptions of disaster resilience
% and preparedness in the Philippines. Harvard Humanitarian Initiative, Harvard University.
% Available Online : http://www.hhi.harvard.edu

% https://www.officialgazette.gov.ph/laginghanda/the-philippine-public-storm-warning-signals/

% https://www.officialgazette.gov.ph/laginghanda/mga-paalala-ukol-sa-baha/

% http://bagong.pagasa.dost.gov.ph/learning-tools/public-storm-warning-signal
% https://hhi.harvard.edu/sites/default/files/publications/prc-phillippine-report-final_0.pdf


@TechReport{worldriskreport2018,
author = {Heintze, Hans-Joachim and Kirch, Lotte and Küppers, Barbara and Mann, Holger and Mischo, Frank and Mucke, Peter and Pazdzierny, Tanja and Prütz, Ruben and Radtke, Katrin and Strube, Friederike and Weller, Daniel },
title = {WorldRiskReport 2018},
institution = {Bündnis Entwicklung Hilft},
year = {2018},
annote = {Available online: https://reliefweb.int/sites/reliefweb.int/files/resources/WorldRiskReport-2018.pdf}
}

@TechReport{globalrisksreport2018,
author = {World Economic Forum},
title = {The Global Risks Report 2018, 13th Edition},
institution = {World Economic Forum},
year = {2018},
address= {Geneva, Switzerland},
annote = {Available Online: http://www3.weforum.org/docs/WEF_GRR18_Report.pdf}
}

@TechReport{annualdisasterstatisticalreview2017,
author = {Below, R. and Wallemacq, P.},
title = {Annual Disaster Statistical Review 2017},
institution = {Centre for Research on the Epidemiology of Disasters (CRED)-Université Catholique de Louvain},
year = {2018},
address= {Brussels, Belgium},
annote = {Available Online: https://cred.be/sites/default/files/adsr_2017.pdf}
}

@TechReport{worlddisastersreport2018,
author = {Fisher, David and Hagon, Kirsten and Lattimer, Charlotte and O’Callaghan, Sorcha and Swithern, Sophia and Walmsley, Lisa},
title = {World Disasters Report 2018 - Leaving No One Behind},
institution = {International Federation of Red Cross and Red Crescent Societies},
year = {2018},
address= {Geneva, Switzerland},
annote = {Available Online: https://media.ifrc.org/ifrc/wp-content/uploads/sites/5/2018/10/B-WDR-2018-EN-LR.pdf}
}

@TechReport{inform2019,
author = {INFORM},
title = {INFORM Report 2019},
institution = {Inter-Agency Standing Committee (IASC) and the European Commission},
year = {2019},
annote = {Available Online: http://www.inform-index.org/Portals/0/InfoRM/2019/Inform%202019%20WEB%20spreads%20(3).pdf}
}

@Manual{PNPmanual,
title = {PNP Disaster Response Handbook: A What-To-Do Guide for PNP Personnel},
organization = {Philippine National Police},
address = {Philippines},
year = {2011},
annote = {Available Online: http://www.pnp.gov.ph/images/manualsandguides/DPCR/PNP-Disaster-Response-Handbook.pdf}
}

@Manual{BFPmanual,
title = {Bureau of Fire Protection Operational Procedures Guidelines},
organization = {Bureau of Fire Protection},
address = {Philippines},
year = {2015},
annote = {Available Online: http://bfp.gov.ph/wp-content/uploads/2015/09/BFP-Operational-Procedures-Manual.pdf}
}


@Manual{lgaearlyprep2015,
title = {Local Government Units Disaster Preparedness Manual: Checklist of Early Preparations for Mayors},
organization = {Local Government Academy, Department of the Interior and Local Government},
address = {Philippines},
edition = {Typhoon Edition v2},
year = {2015},
annote = {Available Online: https://lga.gov.ph/media/uploads/2/Publications%20PDF/Book/LGA-OL-Checklist-for-Early-Preparations-for-Mayors.pdf}
}

@Manual{lgamlgoo2015,
title = {Local Government Units Disaster Preparedness Manual: Checklist for MLGOOs, COPs and FMs},
organization = {Local Government Academy, Department of the Interior and Local Government},
address = {Philippines},
edition = {Typhoon Edition v2},
year = {2015},
annote = {Available Online: https://lga.gov.ph/media/uploads/2/Publications%20PDF/Book/LGA-OL-Checklist-for-MLGOOs-COPs-and-FMs.pdf}
}

@Manual{lgamayors2015,
title = {Local Government Units Disaster Preparedness Manual: Checklist of Minimum Critical Preparations for Mayors},
organization = {Local Government Academy, Department of the Interior and Local Government},
address = {Philippines},
edition = {Typhoon Edition v2},
year = {2015},
annote = {Available Online: https://lga.gov.ph/media/uploads/2/Publications%20PDF/Book/LGA-OL-Critical-Preparations-for-Mayors.pdf}
}


@Book{redbook2014,
author = {NOAH Strategic Communication Intervention (NOAH StratComm) Project
& Science and Technology Information Institute (STII)},
title = {Reference for Emergency and Disaster, Iba na ang panahon: Science for Safer Communities},
publisher = {Department of Science and Technology - Science and Technology Information Institute (DOST-STII)},
address = {Philippines},
year = {2014}
} 

@Manual{phildismgthandbook2018,
title = {Philippines Disaster Management Reference Handbook},
organization = {Center for Excellence in Disaster Management and Humanitarian Assistance},
address = {Hawaii},
year = {2018},
annote = {Available Online: https://www.cfe-dmha.org/LinkClick.aspx?fileticket=nZpxHvsFZqA%3d&portalid=0}
}

@article{alcayna2016resilience,
  title={Resilience and disaster trends in the Philippines: opportunities for national and local capacity building},
  author={Alcayna, Tilly and Bollettino, Vincenzo and Dy, Philip and Vinck, Patrick},
  journal={PLoS currents},
  volume={8},
  year={2016},
  publisher={Public Library of Science}
}
%------------------->> GOOD!!

@article{bollettino2018resilience,
  title={Perceptions of disaster resilience and preparedness in the Philippines},
  author={Bollettino, Vincenzo and Alcayna, Tilly and Enriquez, Krish and Vinck, Patrick},
  journal={Program on Resilient Communities},
  year={2018},
  publisher={Harvard Humanitarian Initiative, Harvard University}
}

@Misc{ocd,
author = {Philippines, Office of Civil Defense },
title = {OCD Operation Manual for Response},
howpublished = {Online Available: http://ocd.gov.ph/attachments/article/144/OCD\_Operation\_Manual\_for\_Response.pdf}, 
year = {2015},
annote = {Available: http://ocd.gov.ph/attachments/article/144/OCD\_Operation\_Manual\_for\_Response.pdf}
}

@Misc{ndrrmc,
author = {Philippines, National Disaster Coordinating Council},
title = {Implementing Rules and Regulations of Republic Act No.10121},
howpublished = {Online Available: http://www.ndrrmc.gov.ph/attachments/article/95/Implementing\_Rules\_and\_Regulartion\_RA\_10121.pdf},
year = {2010},
annote = {Available: http://www.ndrrmc.gov.ph/attachments/article/95/Implementing\_Rules\_and\_Regulartion\_RA\_10121.pdf}
}

@techreport{pesaresi2017atlas,
  title={Atlas of the Human Planet 2017. Global Exposure to Natural Hazards},
  author={Pesaresi, Martino and Ehrlich, Daniele and Kemper, Thomas and Siragusa, Alice and Florczyk, Aneta J and Freire, Sergio and Corbane, Christina},
  year={2017},
  institution={Publications Office of the European Union}
}

@article{assembly2015sendai,
  title={The Sendai Framework for Disaster Risk Reduction 2015--2030},
  author={Assembly, UN General},
  journal={Resolution A/Res/69/283, see http://www. unisdr. org/files/resolutions N},
  volume={1516716},
  year={2015}
}

@TechReport{unisdr2016framework,
author = {UNISDR},
title = {Strategic Framework 2016 - 2021},
year = {2016},
institution = {Geneva, Switzerland: UNISDR}
}

@TechReport{unisdr2015report,
author = {UNISDR},
title = {Global Assessment Report on Disaster Risk Reduction Making Development Sustainable: the future of disaster risk management},
year = {2015},
institution = {Geneva, Switzerland: UNISDR}
}

%——————————————————————————— ABMS Applications ———————————————————————
@inproceedings{ballard2016holy,
  title={Holy Mackerel! an Exploratory Agent-Based Model of Illicit Fishing and Forced Labor},
  author={Ballard, Kyle M},
  booktitle={International Conference on Social Computing, Behavioral-Cultural Modeling and Prediction and Behavior Representation in Modeling and Simulation},
  pages={400--409},
  year={2016},
  organization={Springer}
}

@article{cimellaro2017simulating,
  title={Simulating earthquake evacuation using human behavior models},
  author={Cimellaro, Gian Paolo and Ozzello, Fabrizio and Vallero, Alessio and Mahin, Stephen and Shao, Benshun},
  journal={Earthquake Engineering \& Structural Dynamics},
  volume={46},
  number={6},
  pages={985--1002},
  year={2017},
  publisher={Wiley Online Library}
}

@article{wagner2014agent,
  title={An agent-based simulation system for concert venue crowd evacuation modeling in the presence of a fire disaster},
  author={Wagner, Neal and Agrawal, Vikas},
  journal={Expert Systems with Applications},
  volume={41},
  number={6},
  pages={2807--2815},
  year={2014},
  publisher={Elsevier}
}

@inproceedings{jindal2017agent,
  title={Agent-based modeling and simulation of mosquito-borne disease transmission},
  author={Jindal, Akshay and Rao, Shrisha},
  booktitle={Proceedings of the 16th Conference on Autonomous Agents and MultiAgent Systems},
  pages={426--435},
  year={2017},
  organization={International Foundation for Autonomous Agents and Multiagent Systems}
}

@inproceedings{slucki2015advantages,
  title={Advantages of cooperative behavior during tsunami evacuation},
  author={Slucki, Adam and Nielek, Rados{\l}aw},
  booktitle={International Conference on Social Computing, Behavioral-Cultural Modeling, and Prediction},
  pages={203--212},
  year={2015},
  organization={Springer}
}

@inproceedings{yang2016agent,
  title={An Agent-Based Simulation of Heterogeneous Games and Social Systems in Politics, Fertility and Economic Development},
  author={Yang, Zining},
  booktitle={International Conference on Social Computing, Behavioral-Cultural Modeling and Prediction and Behavior Representation in Modeling and Simulation},
  pages={71--82},
  year={2016},
  organization={Springer}
}

@inproceedings{abiden2016simulating,
  title={Simulating a disaster-social solidarity in an emergency},
  author={Abiden, Muhammad Faisal Bin Zainal and Chai, Stephen Kheh Chew and Fagette, Antoine},
  booktitle={Region 10 Conference (TENCON), 2016 IEEE},
  pages={91--94},
  year={2016},
  organization={IEEE}
}

@inproceedings{miksch2015agent,
  title={An agent-based epidemic model for dengue simulation in the Philippines},
  author={Miksch, Florian and Pichler, Philipp and Espinosa, Kurt JP and Casera, Katrina ST and Navarro, Aldrin N and Bicher, Martin},
  booktitle={Winter Simulation Conference (WSC), 2015},
  pages={3202--3203},
  year={2015},
  organization={IEEE}
}

@inproceedings{amrutha2014agent,
  title={Agent based simulation of routine activity with social learning behavior},
  author={Amrutha, S},
  booktitle={2014 IEEE International Conference on Computational Intelligence and Computing Research (ICCIC)},
  pages={1--6},
  year={2014},
  organization={IEEE}
}

@article{chen2008agent,
  title={Agent-based modelling and simulation of urban evacuation: relative effectiveness of simultaneous and staged evacuation strategies},
  author={Chen, Xuwei and Zhan, Franklin B},
  journal={Journal of the Operational Research Society},
  volume={59},
  number={1},
  pages={25--33},
  year={2008},
  publisher={Taylor \& Francis}
}

@inproceedings{lee2008integrated,
  title={Integrated human decision making model under belief-desire-intention framework for crowd simulation},
  author={Lee, Seungho and Son, Young-Jun},
  booktitle={Proceedings of the 2008 Winter Simulation Conference},
  pages={886--894},
  year={2008},
  organization={IEEE}
}

@inproceedings{zhang2009agent,
  title={Agent-based modeling for household level hurricane evacuation},
  author={Zhang, Bo and Chan, Wai Kin Victor and Ukkusuri, Satish V},
  booktitle={Proceedings of the 2009 Winter Simulation Conference, Winter Simulation Conference},
  pages={2778--2784},
  year={2009},
  organization={IEEE}
}

%—————— from Macal 2016
@article{an2012modeling,
  title={Modeling human decisions in coupled human and natural systems: review of agent-based models},
  author={An, Li},
  journal={Ecological Modelling},
  volume={229},
  pages={25--36},
  year={2012},
  publisher={Elsevier}
}

@inproceedings{chen2013agent,
  title={Agent-based modeling and simulation for supply chain risk management-a survey of the state-of-the-art},
  author={Chen, Xianshun and Ong, Yew-Soon and Tan, Puay-Siew and Zhang, NengSheng and Li, Zhengping},
  booktitle={2013 IEEE International Conference on Systems, Man, and Cybernetics (SMC)},
  pages={1294--1299},
  year={2013},
  organization={IEEE}
}

@article{swaminathan1998modeling,
  title={Modeling supply chain dynamics: A multiagent approach},
  author={Swaminathan, Jayashankar M and Smith, Stephen F and Sadeh, Norman M},
  journal={Decision sciences},
  volume={29},
  number={3},
  pages={607--632},
  year={1998},
  publisher={Wiley Online Library}
}

@article{cegielski2016rethinking,
  title={Rethinking the role of agent-based modeling in archaeology},
  author={Cegielski, Wendy H and Rogers, J Daniel},
  journal={Journal of Anthropological Archaeology},
  volume={41},
  pages={283--298},
  year={2016},
  publisher={Elsevier}
}

@book{wurzer2015agent,
  title={Agent-based modeling and simulation in archaeology},
  author={Wurzer, Gabriel and Kowarik, Kerstin and Reschreiter, Hans},
  year={2015},
  publisher={Springer}
}

@article{lake2014trends,
  title={Trends in archaeological simulation},
  author={Lake, Mark W},
  journal={Journal of Archaeological Method and Theory},
  volume={21},
  number={2},
  pages={258--287},
  year={2014},
  publisher={Springer}
}

@article{maglio2014mainstreaming,
  title={Mainstreaming modeling and simulation to accelerate public health innovation},
  author={Maglio, Paul P and Sepulveda, Martin-J and Mabry, Patricia L},
  journal={American journal of public health},
  volume={104},
  number={7},
  pages={1181--1186},
  year={2014},
  publisher={American Public Health Association}
}

@article{luke2012systems,
  title={Systems science methods in public health: dynamics, networks, and agents},
  author={Luke, Douglas A and Stamatakis, Katherine A},
  journal={Annual review of public health},
  volume={33},
  pages={357--376},
  year={2012},
  publisher={Annual Reviews}
}

@article{auchincloss2008new,
  title={A new tool for epidemiology: the usefulness of dynamic-agent models in understanding place effects on health},
  author={Auchincloss, Amy H and Diez Roux, Ana V},
  journal={American journal of epidemiology},
  volume={168},
  number={1},
  pages={1--8},
  year={2008},
  publisher={Oxford University Press}
}

@article{epstein2009modelling,
  title={Modelling to contain pandemics},
  author={Epstein, Joshua M},
  journal={Nature},
  volume={460},
  number={7256},
  pages={687},
  year={2009},
  publisher={Nature Publishing Group}
}

@article{epstein1999agent,
  title={Agent-based computational models and generative social science},
  author={Epstein, Joshua M},
  journal={Complexity},
  volume={4},
  number={5},
  pages={41--60},
  year={1999},
  publisher={Wiley Online Library}
}

@book{epstein2006generative,
  title={Generative social science: Studies in agent-based computational modeling},
  author={Epstein, Joshua M},
  year={2006},
  publisher={Princeton University Press}
}



@article{hunt2013agent,
  title={Agent-based modeling: a systematic assessment of use cases and requirements for enhancing pharmaceutical research and development productivity},
  author={Hunt, C Anthony and Kennedy, Ryan C and Kim, Sean HJ and Ropella, Glen EP},
  journal={Wiley Interdisciplinary Reviews: Systems Biology and Medicine},
  volume={5},
  number={4},
  pages={461--480},
  year={2013},
  publisher={Wiley Online Library}
}

@article{zellner2008embracing,
  title={Embracing complexity and uncertainty: the potential of agent-based modeling for environmental planning and policy},
  author={Zellner, Moira L},
  journal={Planning theory \& practice},
  volume={9},
  number={4},
  pages={437--457},
  year={2008},
  publisher={Taylor \& Francis}
}

@article{bedau2003artificial,
  title={Artificial life: organization, adaptation and complexity from the bottom up},
  author={Bedau, Mark A},
  journal={Trends in cognitive sciences},
  volume={7},
  number={11},
  pages={505--512},
  year={2003},
  publisher={Elsevier}
}

@article{smith2007agent,
  title={Agent-based modeling: A new approach for theory building in social psychology},
  author={Smith, Eliot R and Conrey, Frederica R},
  journal={Personality and social psychology review},
  volume={11},
  number={1},
  pages={87--104},
  year={2007},
  publisher={Sage Publications Sage CA: Thousand Oaks, CA}
}

@article{leitao2009agent,
  title={Agent-based distributed manufacturing control: A state-of-the-art survey},
  author={Leit{\~a}o, Paulo},
  journal={Engineering Applications of Artificial Intelligence},
  volume={22},
  number={7},
  pages={979--991},
  year={2009},
  publisher={Elsevier}
}

@article{monostori2006agent,
  title={Agent-based systems for manufacturing},
  author={Monostori, L{\'a}szl{\'o} and V{\'a}ncza, J{\'o}zsef and Kumara, Soundar RT},
  journal={CIRP Annals-Manufacturing Technology},
  volume={55},
  number={2},
  pages={697--720},
  year={2006},
  publisher={Elsevier}
}

@article{shen1999agent,
  title={Agent-based systems for intelligent manufacturing: a state-of-the-art survey},
  author={Shen, Weiming and Norrie, Douglas H},
  journal={Knowledge and information systems},
  volume={1},
  number={2},
  pages={129--156},
  year={1999},
  publisher={Springer}
}

@book{hamill2015agent,
  title={Agent-based modelling in economics},
  author={Hamill, Lynne and Gilbert, Nigel},
  year={2015},
  publisher={John Wiley \& Sons}
}

@article{farmer2009economy,
  title={The economy needs agent-based modelling},
  author={Farmer, J Doyne and Foley, Duncan},
  journal={Nature},
  volume={460},
  number={7256},
  pages={685},
  year={2009},
  publisher={Nature Publishing Group}
}

@article{tesfatsion2006handbook,
  title={Handbook of Computational Economics Volume II: Agent-Based Computational Economics Elsevier BV},
  author={Tesfatsion, L and Judd, KL},
  year={2006}
}

@phdthesis{sankaranarayanan2011study,
  title={Study on Behavioral Patterns in Queuing: Agent-Based Modeling and Experimental Approach},
  author={Sankaranarayanan, Karthik},
  year={2011},
  school={Ph. D. thesis, University of Lugano}
}

@article{bookstaber2012using,
  title={Using agent-based models for analyzing threats to financial stability},
  author={Bookstaber, Richard M},
  journal={Working Paper No.003},
  publisher={U.S. Department Treasury, Office of Financial Research},
  year={2012}
}

@article{lebaron2006agent,
  title={Agent-based computational finance},
  author={LeBaron, Blake},
  journal={Handbook of computational economics},
  volume={2},
  pages={1187--1233},
  year={2006},
  publisher={Elsevier}
}

@article{nicholls2017agent,
  title={Agent-based modeling: A powerful tool for tourism researchers},
  author={Nicholls, Sarah and Amelung, Bas and Student, Jillian},
  journal={Journal of Travel Research},
  volume={56},
  number={1},
  pages={3--15},
  year={2017},
  publisher={Sage Publications Sage CA: Los Angeles, CA}
}

@incollection{crooks2012introduction,
  title={Introduction to agent-based modelling},
  author={Crooks, Andrew T and Heppenstall, Alison J},
  booktitle={Agent-based models of geographical systems},
  pages={85--105},
  year={2012},
  publisher={Springer}
}

@article{crooks2008key,
  title={Key challenges in agent-based modelling for geo-spatial simulation},
  author={Crooks, Andrew and Castle, Christian and Batty, Michael},
  journal={Computers, Environment and Urban Systems},
  volume={32},
  number={6},
  pages={417--430},
  year={2008},
  publisher={Elsevier}
}

@inproceedings{zhang2009agent,
  title={Agent-based modeling for household level hurricane evacuation},
  author={Zhang, Bo and Chan, Wai Kin Victor and Ukkusuri, Satish V},
  booktitle={Winter simulation conference},
  pages={2778--2784},
  year={2009},
  organization={Winter Simulation Conference}
}

@article{zhu2018hurricane,
  title={Hurricane Evacuation Modeling Using Behavior Models and Scenario-Driven Agent-based Simulations},
  author={Zhu, Yuan and Xie, Kun and Ozbay, Kaan and Yang, Hong},
  journal={Procedia computer science},
  volume={130},
  year={2018}
}

% http://media.ifrc.org/ifrc/wp-content/uploads/sites/5/2018/10/B-WDR-2018-EN-LR.pdf
% 2018 World Disasters Report
% International Federation of Red Cross and Red Crescent Societies, 2018


% 
@TechReport{wdr2018,
author = {Fisher, David and Hagon, Kirsten and Lattimer, Charlotte  and O’Callaghan, Sorcha and Swithern, Sophia  and Walmsley, Lisa},
title = {World Disasters Report 2018},
institution = {International Federation of Red Cross and Red Crescent Societies, Switzerland},
year = {2018},
annote = {Available Online: http://media.ifrc.org/ifrc/wp-content/uploads/sites/5/2018/10/B-WDR-2018-EN-LR.pdf}
}


@TechReport{wrr2018,
author = {Heintze, Hans-Joachim and Kirch, Lotte and  Kuppers , Barbara and Mann, Holger and Mischo, Frank and Mucke, Peter and Pazdzierny, Tanja and Prutz, Ruben and Radtke, Katrin and Strube, Friederike and Weller, Daniel},
title = {World Risk Report 2018},
institution = {Bundnis Entwicklung Hilft and Ruhr University Bochum – Institute for International Law of Peace and Armed Conflict (IFHV)},
year = {2018},
annote = {Available Online: https://weltrisikobericht.de/download/1060/}
}



@TechReport{asdr2016,
author = {Guha-Sapir, D. and Hoyois, Ph. and Below, R.},
title = {Annual Disaster Statistical Review 2016 – The numbers and trends},
institution = {Centre for Research on the Epidemiology of Disasters (CRED), Belgium},
year = {2016},
annote = {Available Online: http://www.cred.be/sites/default/files/ADSR_2016.pdf}
}


% http://world.time.com/2013/11/11/the-philippines-is-the-most-storm-exposed-country-on-earth/


% —————————————————————— VERIFICATION AND VALIDATION —————————————— 
@inproceedings{sargent2009verification,
  title={Verification and validation of simulation models},
  author={Sargent, Robert G},
  booktitle={Simulation Conference (WSC), Proceedings of the 2009 Winter},
  pages={162--176},
  year={2009},
  organization={IEEE}
}


% —————————————————————— VERIFICATION AND VALIDATION —————————————— 


@article{wooldridge1995intelligent,
  title={Intelligent agents: Theory and practice},
  author={Wooldridge, Michael and Jennings, Nicholas R},
  journal={The knowledge engineering review},
  volume={10},
  number={2},
  pages={115--152},
  year={1995},
  publisher={Cambridge University Press}
}

@inproceedings{franklin1996agent,
  title={Is it an Agent, or just a Program?: A Taxonomy for Autonomous Agents},
  author={Franklin, Stan and Graesser, Art},
  booktitle={International Workshop on Agent Theories, Architectures, and Languages},
  pages={21--35},
  year={1996},
  organization={Springer}
}

@article{parker2003multi,
  title={Multi-agent systems for the simulation of land-use and land-cover change: a review},
  author={Parker, Dawn C and Manson, Steven M and Janssen, Marco A and Hoffmann, Matthew J and Deadman, Peter},
  journal={Annals of the association of American Geographers},
  volume={93},
  number={2},
  pages={314--337},
  year={2003},
  publisher={Taylor \& Francis}
}

@book{holland1995hidden,
  title={Hidden orderhow adaptation builds complexity},
  author={Holland, John Henry},
  number={003.7 H6},
  year={1995}
}

%———— MODEL2019
@inproceedings{gaudou2006grounding,
  title={Grounding and the Expression of Belief.},
  author={Gaudou, Benoit and Herzig, Andreas and Longin, Dominique},
  booktitle={KR},
  pages={221--229},
  year={2006}
}

@inproceedings{drogoul2013gama,
  title={Gama: multi-level and complex environment for agent-based models and simulations},
  author={Drogoul, Alexis and Amouroux, Edouard and Caillou, Philippe and Gaudou, Benoit and Grignard, Arnaud and Marilleau, Nicolas and Taillandier, Patrick and Vavasseur, Maroussia and Vo, Duc-An and Zucker, Jean-Daniel},
  booktitle={Proceedings of the 2013 international conference on Autonomous agents and multi-agent systems},
  pages={1361--1362},
  year={2013},
  organization={International Foundation for Autonomous Agents and Multiagent Systems}
}

@inproceedings{taillandier2012new,
  title={A new BDI agent architecture based on the belief theory. Application to the modelling of cropping plan decision-making},
  author={Taillandier, Patrick and Therond, Olivier and Gaudou, Benoit},
  booktitle={International environmental modelling and software society (iEMSs)},
  year={2012}
}

@inproceedings{grignard2013gama,
  title={GAMA 1.6: Advancing the art of complex agent-based modeling and simulation},
  author={Grignard, Arnaud and Taillandier, Patrick and Gaudou, Benoit and Vo, Duc An and Huynh, Nghi Quang and Drogoul, Alexis},
  booktitle={International Conference on Principles and Practice of Multi-Agent Systems},
  pages={117--131},
  year={2013},
  organization={Springer}
}

@article{adam2016bdi,
  title={BDI agents in social simulations: a survey},
  author={Adam, Carole and Gaudou, Benoit},
  journal={The Knowledge Engineering Review},
  volume={31},
  number={3},
  pages={207--238},
  year={2016},
  publisher={Cambridge University Press}
}

@incollection{caillou2017simple,
  title={A Simple-to-use BDI architecture for Agent-based Modeling and Simulation},
  author={Caillou, Philippe and Gaudou, Benoit and Grignard, Arnaud and Truong, Chi Quang and Taillandier, Patrick},
  booktitle={Advances in Social Simulation 2015},
  pages={15--28},
  year={2017},
  publisher={Springer}
}

@inproceedings{taillandier2016bdi,
  title={A BDI agent architecture for the GAMA modeling and simulation platform},
  author={Taillandier, Patrick and Bourgais, Mathieu and Caillou, Philippe and Adam, Carole and Gaudou, Benoit},
  booktitle={International Workshop on Multi-Agent Systems and Agent-Based Simulation},
  pages={3--23},
  year={2016},
  organization={Springer}
}

@inproceedings{amouroux2007gama,
  title={GAMA: an environment for implementing and running spatially explicit multi-agent simulations},
  author={Amouroux, Edouard and Chu, Thanh-Quang and Boucher, Alain and Drogoul, Alexis},
  booktitle={Pacific Rim International Conference on Multi-Agents},
  pages={359--371},
  year={2007},
  organization={Springer}
}

@book{heppenstall2011agent,
  title={Agent-based models of geographical systems},
  author={Heppenstall, Alison J and Crooks, Andrew T and See, Linda M and Batty, Michael},
  year={2011},
  publisher={Springer Science \& Business Media}
}

@incollection{see2012calibration,
  title={Calibration and validation of agent-based models of land cover change},
  author={See, Linda and others},
  booktitle={Agent-based models of geographical systems},
  pages={181--197},
  year={2012},
  publisher={Springer}
}

@book{gilbert2005simulation,
  title={Simulation for the social scientist},
  author={Gilbert, Nigel and Troitzsch, Klaus},
  year={2005},
  publisher={McGraw-Hill Education (UK)}
}

@article{haklay2008openstreetmap,
  title={Openstreetmap: User-generated street maps},
  author={Haklay, Mordechai and Weber, Patrick},
  journal={IEEE Pervasive Computing},
  volume={7},
  number={4},
  pages={12--18},
  year={2008},
  publisher={Ieee}
}

@book{bennett2010openstreetmap,
  title={OpenStreetMap},
  author={Bennett, Jonathan},
  year={2010},
  publisher={Packt Publishing Ltd}
}

@article{qgis2015qgis,
  title={QGIS Geographic Information System. Open Source Geospatial Foundation Project},
  author={QGIS Development Team and others},
  journal={URL: http://qgis. osgeo. org},
  year={2015}
}

@article{qgis2016qgis,
  title={QGIS geographic information system},
  author={QGIS Development Team and others},
  journal={Open Source Geospatial Foundation Project},
  year={2016}
}

@article{klugl2012agent,
  title={Agent-based modeling and simulation},
  author={Kl{\"u}gl, Franziska and Bazzan, Ana LC},
  journal={AI Magazine},
  volume={33},
  number={3},
  pages={29--29},
  year={2012}
}

@book{sterling2009art,
  title={The art of agent-oriented modeling},
  author={Sterling, Leon and Taveter, Kuldar},
  year={2009},
  publisher={MIT Press}
}

@inproceedings{slucki2015advantages,
  title={Advantages of cooperative behavior during tsunami evacuation},
  author={Slucki, Adam and Nielek, Rados{\l}aw},
  booktitle={International Conference on Social Computing, Behavioral-Cultural Modeling, and Prediction},
  pages={203--212},
  year={2015},
  organization={Springer}
}


@inproceedings{berger2001methodological,
  title={Methodological considerations for agent-based modeling of land-use and land-cover change},
  author={Berger, Thomas and Goodchild, Michael and Janssen, Marco A and Manson, Steven M and Najlis, Robert and Parker, DC},
  booktitle={Agent-based models of land-use and land cover change: Report and review of an International Workshop Irvine, California, USA October},
  pages={4--7},
  year={2001}
}

@inproceedings{klugl2008validation,
  title={A validation methodology for agent-based simulations},
  author={Kl{\"u}gl, Franziska},
  booktitle={Proceedings of the 2008 ACM symposium on Applied computing},
  pages={39--43},
  year={2008},
  organization={ACM}
}

@article{windrum2007empirical,
  title={Empirical validation of agent-based models: Alternatives and prospects},
  author={Windrum, Paul and Fagiolo, Giorgio and Moneta, Alessio},
  journal={Journal of Artificial Societies and Social Simulation},
  volume={10},
  number={2},
  pages={8},
  year={2007}
}

@book{zeigler2000theory,
  title={Theory of modeling and simulation},
  author={Zeigler, Bernard P and Kim, Tag Gon and Praehofer, Herbert},
  year={2000},
  publisher={Academic press}
}

@book{zeigler2019theory,
  title={Theory of Modeling and Simulation: Discrete Event and Iterative System Computational Foundations},
  author={Zeigler, Bernard P and Muzy, Alexander and Kofman, Ernesto},
  year={2019},
  publisher={Academic press}
}

@book{crooks2019abmgis,
author = {Crooks, Andrew and Malleson, Nick and Manley, Ed and Heppenstall, Alison},
title = {Agent-Based Modelling and Geographical Information Systems: A Practical Primer},
publisher = {SAGE Publications},
year = {2019}
}

@inproceedings{taillandier2010gama,
  title={GAMA: a simulation platform that integrates geographical information data, agent-based modeling and multi-scale control},
  author={Taillandier, Patrick and Vo, Duc-An and Amouroux, Edouard and Drogoul, Alexis},
  booktitle={International Conference on Principles and Practice of Multi-Agent Systems},
  pages={242--258},
  year={2010},
  organization={Springer}
}

@inproceedings{banos2013improving,
  title={Improving individual accessibility to the city},
  author={Banos, Arnaud and Marilleau, Nicolas and MIRO Team and others},
  booktitle={Proceedings of the European Conference on Complex Systems 2012},
  pages={989--992},
  year={2013},
  organization={Springer}
}

@inproceedings{gasmi2014reproducing,
  title={Reproducing and exploring past events using agent-based geo-historical models},
  author={Gasmi, Nasser and Grignard, Arnaud and Drogoul, Alexis and Gaudou, Benoit and Taillandier, Patrick and Tessier, Olivier and An, Vo Duc},
  booktitle={International Workshop on Multi-Agent Systems and Agent-Based Simulation},
  pages={151--163},
  year={2014},
  organization={Springer}
}

@inproceedings{chapuis2018multi,
  title={A Multi-modal Urban Traffic Agent-Based Framework to Study Individual Response to Catastrophic Events},
  author={Chapuis, Kevin and Taillandier, Patrick and Gaudou, Benoit and Drogoul, Alexis and Daud{\'e}, {\'E}ric},
  booktitle={International Conference on Principles and Practice of Multi-Agent Systems},
  pages={440--448},
  year={2018},
  organization={Springer}
}

@article{reuillon2013openmole,
  title={OpenMOLE, a workflow engine specifically tailored for the distributed exploration of simulation models},
  author={Reuillon, Romain and Leclaire, Mathieu and Rey-Coyrehourcq, Sebastien},
  journal={Future Generation Computer Systems},
  volume={29},
  number={8},
  pages={1981--1990},
  year={2013},
  publisher={Elsevier}
}

@inproceedings{jain2015creating,
  title={Creating a synthetic population: A comparison of tools},
  author={Jain, Shubham and Ronald, Nicole and Winter, Stephan},
  booktitle={Proceedings of the 3rd Conference Transportation Reserch Group, Kolkata, India},
  pages={17--20},
  year={2015}
}

@article{barthelemy2013synthetic,
  title={Synthetic population generation without a sample},
  author={Barthelemy, Johan and Toint, Philippe L},
  journal={Transportation Science},
  volume={47},
  number={2},
  pages={266--279},
  year={2013},
  publisher={INFORMS}
}

@article{etienne2011ardi,
  title={ARDI: a co-construction method for participatory modeling in natural resources management},
  author={Etienne, Michel and Du Toit, Derick and Pollard, Sharon},
  journal={Ecology and society},
  volume={16},
  number={1},
  year={2011},
  publisher={The Resilience Alliance}
}

@Unpublished{bulanmcsep2017,
author = {LGU Bulan},
title = {Municipal Comprehensive Socio-Economic Profile (MCSEP) and Development Plan},
note = {Local Government Unit of Bulan, Sorsogon, Philippines},
year = {2017}
}

@inproceedings{amouroux2010odd,
  title={Odd: A promising but incomplete formalism for individual-based model specification},
  author={Amouroux, Edouard and Gaudou, Benoit and Desvaux, St{\'e}phanie and Drogoul, Alexis},
  booktitle={2010 IEEE RIVF International Conference on Computing \& Communication Technologies, Research, Innovation, and Vision for the Future (RIVF)},
  pages={1--4},
  year={2010},
  organization={IEEE}
}

@misc{railsback2009course,
  title={A Course in Individual-based and Agent-based Modeling},
  author={Railsback, Steven F and Grimm, Volker},
  year={2009},
  publisher={Princeton University Press NJ, USA}
}

@article{heppenstall2007genetic,
  title={Genetic algorithm optimisation of an agent-based model for simulating a retail market},
  author={Heppenstall, Alison J and Evans, Andrew J and Birkin, Mark H},
  journal={Environment and Planning B: Planning and Design},
  volume={34},
  number={6},
  pages={1051--1070},
  year={2007},
  publisher={SAGE Publications Sage UK: London, England}
}

@article{malleson2010crime,
  title={Crime reduction through simulation: An agent-based model of burglary},
  author={Malleson, Nick and Heppenstall, Alison and See, Linda},
  journal={Computers, environment and urban systems},
  volume={34},
  number={3},
  pages={236--250},
  year={2010},
  publisher={Elsevier}
}

@incollection{kennedy2012modelling,
  title={Modelling human behaviour in agent-based models},
  author={Kennedy, William G},
  booktitle={Agent-based models of geographical systems},
  pages={167--179},
  year={2012},
  publisher={Springer}
}

@misc{bulan_ics2017,
author = {Local Government of Bulan},
title = {The Bulan Crisis Management Committee (BCMC) and Command Systems for Bulan},
year = {2017}
}


@article{siebeneck2012spatial,
  title={Spatial and temporal variation in evacuee risk perception throughout the evacuation and return-entry process},
  author={Siebeneck, Laura K and Cova, Thomas J},
  journal={Risk Analysis: An International Journal},
  volume={32},
  number={9},
  pages={1468--1480},
  year={2012},
  publisher={Wiley Online Library}
}

@article{yin2014agent,
  title={An agent-based modeling system for travel demand simulation for hurricane evacuation},
  author={Yin, Weihao and Murray-Tuite, Pamela and Ukkusuri, Satish V and Gladwin, Hugh},
  journal={Transportation research part C: emerging technologies},
  volume={42},
  pages={44--59},
  year={2014},
  publisher={Elsevier}
}

@article{gintis2003explaining,
  title={Explaining altruistic behavior in humans},
  author={Gintis, Herbert and Bowles, Samuel and Boyd, Robert and Fehr, Ernst},
  journal={Evolution and human Behavior},
  volume={24},
  number={3},
  pages={153--172},
  year={2003},
  publisher={Elsevier}
}

@article{akopov2012simulation,
  title={Simulation of human crowd behavior in extreme situations},
  author={Akopov, Andranik S and Beklaryan, Levon A},
  journal={International Journal of Pure and Applied Mathematics},
  volume={79},
  number={1},
  pages={121--138},
  year={2012}
}

@article{hamilton1963evolution,
  title={The evolution of altruistic behavior},
  author={Hamilton, William D},
  journal={The American Naturalist},
  volume={97},
  number={896},
  pages={354--356},
  year={1963},
  publisher={Science Press}
}


@Book{redbook2014,
ALTauthor = {NOAH Strategic Communication Intervention (NOAH StratComm) Project \& Science and Technology Information Institute (STII)},
title = {RED: Reference for Emergency and Disaster},
publisher = {Department of Science and Technology - Science and Technology Information Institute (DOST-STII), Philippines},
year = {2014},
annote = {Online: http://www.stii.dost.gov.ph/images/images/RED-Book.pdf}
}

@misc{drogoul2013practical,
  title={Practical Approach To Agent-Based Modelling},
  author={Drogoul, Alexis and Gaudou, Benoit and Grignard, Arnaud and Taillandier, Patrick and Vo, Duc An},
  year={2013},
  publisher={Journ{\'e}e de Tam Dao}
}

@article{whitehead2000heading,
  title={Heading for higher ground: factors affecting real and hypothetical hurricane evacuation behavior},
  author={Whitehead, John C and Edwards, Bob and Van Willigen, Marieke and Maiolo, John R and Wilson, Kenneth and Smith, Kevin T},
  journal={Global Environmental Change Part B: Environmental Hazards},
  volume={2},
  number={4},
  pages={133--142},
  year={2000},
  publisher={Taylor \& Francis}
}

@article{fu2004sequential,
  title={Sequential logit dynamic travel demand model for hurricane evacuation},
  author={Fu, Haoqiang and Wilmot, Chester},
  journal={Transportation Research Record: Journal of the Transportation Research Board},
  number={1882},
  pages={19--26},
  year={2004},
  publisher={Transportation Research Board of the National Academies}
}

@article{stopher2004dynamic,
  title={Dynamic travel demand for emergency evacuation: the case of bushfires},
  author={Stopher, Peter and Rose, John and Alsnih, Rahaf},
  year={2004}
}

@article{cahyanto2014empirical,
  title={An empirical evaluation of the determinants of tourist's hurricane evacuation decision making},
  author={Cahyanto, Ignatius and Pennington-Gray, Lori and Thapa, Brijesh and Srinivasan, Siva and Villegas, Jorge and Matyas, Corene and Kiousis, Spiro},
  journal={Journal of Destination Marketing \& Management},
  volume={2},
  number={4},
  pages={253--265},
  year={2014},
  publisher={Elsevier}
}

@article{hasan2010behavioral,
  title={Behavioral model to understand household-level hurricane evacuation decision making},
  author={Hasan, Samiul and Ukkusuri, Satish and Gladwin, Hugh and Murray-Tuite, Pamela},
  journal={Journal of Transportation Engineering},
  volume={137},
  number={5},
  pages={341--348},
  year={2010},
  publisher={American Society of Civil Engineers}
}

@article{fu2006sequential,
  title={Sequential logit dynamic travel demand model and its transferability},
  author={Fu, Haoqiang and Wilmot, Chester and Baker, Earl},
  journal={Transportation Research Record: Journal of the Transportation Research Board},
  number={1977},
  pages={17--26},
  year={2006},
  publisher={Transportation Research Board of the National Academies}
}


@article{dash2002decision,
  title={Decision-making under extreme uncertainty: Rethinking hazard related perceptions and action},
  author={Dash, Nicole},
  year={2002},
  publisher={ProQuest ETD Collection for Florida International University}
}



@article{auchincloss2011agent,
  title={An agent-based model of income inequalities in diet in the context of residential segregation},
  author={Auchincloss, Amy H and Riolo, Rick L and Brown, Daniel G and Cook, Jeremy and Roux, Ana V Diez},
  journal={American journal of preventive medicine},
  volume={40},
  number={3},
  pages={303--311},
  year={2011},
  publisher={Elsevier}
}




%>>>>>>>>>>>>>>>>>>>>>>>>>>>>>>>>>>>>>>>>>>>>>>>>>>>>>>>>>>>>>>>>>>>>>>>>>>>>>>>>>>>>>>>>

@Manual{bfp2015,
title = {BFP Operational Procedures Guidelines},
organization = {Bureau of Fire Protection},
address = {Philippines},
year = {2015}
}

@Manual{drrmlgu2015,
title = {Local Government Units Disaster Preparedness Manual: Checklist of Early Preparations for Mayors},
organization = {Local Government Academy, Department of the Interior and Local Government},
address = {Philippines},
edition = {Typhoon Edition v2},
year = {2015},
annote = {Available Online: https://lga.gov.ph/media/uploads/2/Publications%20PDF/Book/LGA-OL-Checklist-for-Early-Preparations-for-Mayors.pdf}
}

@Manual{drrmmlgoo2015,
title = {Local Government Units Disaster Preparedness Manual: Checklist for MLGOOs, COPs and FMs},
organization = {Local Government Academy, Department of the Interior and Local Government},
address = {Philippines},
edition = {Typhoon Edition v2},
year = {2015},
annote = {Available Online: https://lga.gov.ph/media/uploads/2/Publications%20PDF/Book/LGA-OL-Checklist-for-MLGOOs-COPs-and-FMs.pdf}
}

@Manual{drrmmlguminimum2015,
title = {Local Government Units Disaster Preparedness Manual: Checklist of Minimum Critical Preparations for Mayors},
organization = {Local Government Academy, Department of the Interior and Local Government},
address = {Philippines},
edition = {Typhoon Edition v2},
year = {2015},
annote = {Available Online: https://lga.gov.ph/media/uploads/2/Publications%20PDF/Book/LGA-OL-Critical-Preparations-for-Mayors.pdf}
}

@Manual{bfp2015,
title = {PNP Disaster Response Handbook: A What-To-Do Guide for PNP Personnel},
organization = {Philippine National Police},
address = {Philippines},
year = {2011}
}

@Manual{philhandbook2018,
title = {Philippines Disaster Management Reference Handbook},
organization = {Center for Excellence in Disaster Management & Humanitarian Assistance},
address = {Hawaii},
month = {March},
year = {2018},
annote = {Available Online: https://www.cfe-dmha.org/LinkClick.aspx?fileticket=nZpxHvsFZqA%3d&portalid=0}
}

@Booklet{redbook2014,
title = {Reference for Emergency and Disaster, Iba na ang panahon: Science for Safer Communities},
OPTkey = {•},
OPTauthor = {•},
OPThowpublished = {•},
OPTaddress = {•},
OPTmonth = {•},
OPTyear = {2014},
OPTnote = {•},
OPTannote = {•}
}

@article{power2009spatial,
  title={A spatial agent-based model of N-person prisoner's dilemma cooperation in a socio-geographic community},
  author={Power, Conrad},
  journal={Journal of Artificial Societies and Social Simulation},
  volume={12},
  number={1},
  pages={8},
  year={2009}
}


@article{szilagyi2003simulation,
  title={Simulation of multi-agent Prisoners' Dilemmas},
  author={Szilagyi, Miklos N},
  journal={Systems Analysis Modelling Simulation},
  volume={43},
  number={6},
  pages={829--846},
  year={2003},
  publisher={Taylor \& Francis}
}

@article{szilagyi2002non,
  title={Non-trivial solutions to the N-person Prisoners' Dilemma},
  author={Szilagyi, Miklos N and Szilagyi, Zoltan C},
  journal={Systems Research and Behavioral Science},
  volume={19},
  number={3},
  pages={281--290},
  year={2002},
  publisher={Wiley Online Library}
}

@article{zhao2006continuous,
  title={A Continuous Model of N-Person Prisoner's Dilemma},
  author={Zhao, Jijun and Szidarovszky, Ferenc and Szilagyf, Miklos N},
  journal={Game Theory and Applications},
  volume={12},
  pages={207},
  year={2007},
  publisher={Nova Publishers}
}

@book{sandbank2010analytical,
  title={Analytical solution, agent behavioral transitions and classification structures in n-person social dilemma games},
  author={Sandbank, Daren},
  year={2010},
  publisher={The University of Arizona}
}

@article{merlone2012systematic,
  title={Systematic approach to n-person social dilemma games: Classification and analysis},
  author={Merlone, Ugo and Sandbank, Daren R and Szidarovszky, Ferenc},
  journal={International Game Theory Review},
  volume={14},
  number={03},
  pages={1250015},
  year={2012},
  publisher={World Scientific}
}

@article{patterson2010role,
  title={The role of community in disaster response: conceptual models},
  author={Patterson, Olivia and Weil, Frederick and Patel, Kavita},
  journal={Population Research and Policy Review},
  volume={29},
  number={2},
  pages={127--141},
  year={2010},
  publisher={Springer}
}

@article{dash2007evacuation,
  title={Evacuation decision making and behavioral responses: Individual and household},
  author={Dash, Nicole and Gladwin, Hugh},
  journal={Natural Hazards Review},
  volume={8},
  number={3},
  pages={69--77},
  year={2007},
  publisher={American Society of Civil Engineers}
}

@book{fletcher2013practical,
  title={Practical methods of optimization},
  author={Fletcher, Roger},
  year={2013},
  publisher={John Wiley \& Sons}
}

@article{rogers2004multi,
  title={Multi-objective calibration for agent-based models},
  author={Rogers, Alex and Von Tessin, Peter},
  year={2004}
}

@article{armstrong1992commentary,
  title={A commentary on error measures},
  author={Armstrong, J Scott},
  journal={International Journal of Forecasting},
  volume={8},
  pages={99--111},
  year={1992}
}

@article{horney2010individual,
  title={Individual actual or perceived property flood risk: Did it predict evacuation from Hurricane Isabel in North Carolina, 2003?},
  author={Horney, Jennifer A and MacDonald, Pia DM and Van Willigen, Marieke and Berke, Philip R and Kaufman, Jay S},
  journal={Risk Analysis: An International Journal},
  volume={30},
  number={3},
  pages={501--511},
  year={2010},
  publisher={Wiley Online Library}
}

@article{lindell2005household,
  title={Household decision making and evacuation in response to Hurricane Lili},
  author={Lindell, Michael K and Lu, Jing-Chein and Prater, Carla S},
  journal={Natural Hazards Review},
  volume={6},
  number={4},
  pages={171--179},
  year={2005},
  publisher={American Society of Civil Engineers}
}

@TechReport{morrow2005hurricane,
author = {Morrow, Betty H. and Gladwin, Huge},
title = {Hurricane Ivan behavioral analysis, 2004 hurricane assessments},
institution = {Federal Emergency Management Agency and U.S. Army Corps of Engineers, Washington, DC},
year = {2005}
}


% NEW NEW NEW
@article{fernandez2017emerging,
  title={Emerging Cooperation in N-Person Iterated Prisoner's Dilemma over Dynamic Complex Networks},
  author={Fern{\'a}ndez-Domingos, Elias and Loureiro, Miguel and Alvarez-L{\'o}pez, Tamara and Burguillo, Juan C and Covelo, Jos{\'e} and Peleteiro, Ana and Byrski, Aleksander},
  journal={Computing and Informatics},
  volume={36},
  number={3},
  pages={493--516},
  year={2017}
}

@article{merlone2018applicability,
  title={Applicability of the Analytical Solution to N-Person Social Dilemma Games},
  author={Merlone, Ugo and Sandbank, Daren R and Szidarovszky, Ferenc},
  journal={Frontiers in Applied Mathematics and Statistics},
  volume={4},
  pages={15},
  year={2018},
  publisher={Frontiers}
}

@article{szilagyi2003investigation,
  title={An investigation of N-person Prisoners' Dilemmas},
  author={Szilagyi, Miklos N},
  journal={Complex Systems},
  volume={14},
  number={2},
  pages={155--174},
  year={2003},
  publisher={[Champaign, IL, USA: Complex Systems Publications, Inc., c1987-}
}

@article{goehring1976uniform,
  title={The uniform n-person prisoner's dilemma game: construction and test of an index of cooperation},
  author={Goehring, Dwight J and Kahan, James P},
  journal={Journal of Conflict Resolution},
  volume={20},
  number={1},
  pages={111--128},
  year={1976},
  publisher={Sage Publications Sage CA: Los Angeles, CA}
}

@article{szilagyi2000tool,
  title={A tool for simulated social experiments},
  author={Szilagyi, Miklos N and Szilagyi, Zoltan C},
  journal={Simulation},
  volume={74},
  number={1},
  pages={4--10},
  year={2000},
  publisher={Sage Publications Sage CA: Thousand Oaks, CA}
}


%[ ] , Department of Science and Technology - Science and Technology Information Institute (DOST-STII), Philippines, 2014.
%
%[ ] The Global Risks Report 2018, 13th Edition, World Economic Forum. Available Online: http://www3.weforum.org/docs/WEF_GRR18_Report.pdf
%
%[ ] Guha-Sapir, D., Hoyois, Ph. and Below, R., Annual Disaster Statistical Review 2016 – The numbers and trends, Centre for Research on the Epidemiology of Disasters (CRED), Belgium, 2016.
%
%[ ] Heintze, H., Kirch, L.,  Küppers , B., Mann, H., Mischo, F., Mucke, P., Pazdzierny, T., Prütz, R., Radtke, K., Strube, F. and Weller, D., World Risk Report 2018, Bündnis Entwicklung Hilft and Ruhr University Bochum – Institute for International Law of Peace and Armed Conflict (IFHV), 2018. Available online: Available Online: https://weltrisikobericht.de/download/1060/
%
%[ ] Fisher, D., Hagon, K., Lattimer, C., O’Callaghan, S., Swithern, S. and Walmsley, L., World Disasters Report 2018, International Federation of Red Cross and Red Crescent Societies, Switzerland, 2018. Available Online: http://media.ifrc.org/ifrc/wp-content/uploads/sites/5/2018/10/B-WDR-2018-EN-LR.pdf


